2550 4000
398 235 460 270 (1111
479 235 581 271 1nsr1r.
600 219 621 272 I.
641 224 750 273 'tt-75.
998 221 1058 284 191

90 378 166 433 cuius
183 378 278 432 aetatis
293 374 365 432 lilius
381 379 417 432 sit
433 371 548 446 filiani,
572 377 647 434 'enm
670 382 923 435 senatusconsulto
938 381 1010 436 nihil
1024 382 1060 436 de

91 477 126 517 ea
143 478 176 518 re
191 468 350 517 caueatur:
371 465 428 517 nisi
449 457 544 534 forte²
560 465 565 529 Ι
581 460 693 518 Latinus
714 463 772 519 'nel
786 463 891 519 Latina
909 481 1056 536 propono·

90 539 165 616 tur,³
181 546 246 618 quin
263 549 348 602 etiam
363 562 403 603 ea
418 550 483 617 ipsa
499 549 562 621 lepe
577 547 660 604 Aelia
674 547 774 604 Sentio
786 547 902 619 Iatilni,
917 543 957 602 si⁴
971 550 1060 604 minor

91 631 216 686 anniculo
239 633 275 685 sit
298 627 370 686 filius
393 629 493 702 liliaue,
516 649 595 688 eausa
619 632 728 704 probari
743 647 800 688 non
815 641 917 704 potest.
952 649 1061 688 neema

90 717 230 789 praeterit,
246 715 274 770 in
287 715 379 788 aliquo
391 717 527 789 rescripto
538 716 595 771 diui
604 716 733 772 Hadriani
748 718 785 772 ita
794 733 856 772 esse
868 719 1059 787 constitutum,

90 809 226 872 tamquam
243 799 317 872 quod
333 800 366 855 ad
381 802 482 856 erroris
497 817 610 874 quoque
627 804 631 866 Ι
650 817 771 858 cansam
788 801 953 874 probandam
969 801 1061 857 ’anni-

89 888 183 942 culam
202 887 294 956 (iliam
313 883 416 940 iactam
435 880 740 954 ueeessasit351’sed
759 903 817 942 non
842 901 957 956 semper
971 884 1063 942 uideri

90 971 175 1026 debet
188 967 321 1042 peaerale
341 973 383 1025 ius
403 970 567 1046 indolatum,
589 963 666 1026 cum⁶
684 972 832 1044 imperator
848 970 1007 1043 'epistotam
1022 972 1063 1025 ad

16 1063 75 1116 1119]
91 1045 240 1127 quendam⁷
256 1053 338 1111 dedit.
360 1051 364 1129 Ι
383 1049 429 1112 ⁷4.
451 1054 488 1111 ’Si
509 1057 671 1128 peregrinus
689 1051 770 1130 (cnm
791 1058 883 1110 ciuem
898 1056 1060 1111 Romanam
1072 1041 1115 1145 {⁰3

89 1155 121 1195 se
137 1131 296 1209 crederet)⁸
311 1139 399 1194 ciuem
415 1140 562 1195 Romanam
579 1156 691 1196 uxorem
708 1139 827 1211 duxerit,
844 1157 876 1195 an
893 1146 1059 1195 aasentias
1085 1137 1091 1148 '
1118 1135 1123 1145 '

90 1223 217 1279 consulto
234 1239 356 1279 eausam
370 1224 497 1296 protbare
509 1227 610 1296 possit,
628 1226 787 1298 quaesitum
803 1217 869 1280 est⁹
893 1239 948 1279 nee
964 1231 1060 1280 tamen

89 1313 194 1378 potest,
210 1311 278 1380 qnia
289 1311 320 1364 id
326 1312 485 1382 peregrino
502 1315 622 1366 senatos
633 1312 763 1366 consulto
775 1326 832 1365 non
844 1310 950 1380 daltur,
966 1325 1059 1380 quam·

91 1393 133 1446 uis
159 1393 220 1463 ipse
247 1392 379 1464 deceptus
404 1393 473 1448 male
497 1394 584 1450 ciuem
611 1394 762 1449 Romanam
786 1395 919 1463 duxerit,
947 1395 1005 1448 nisi
1011 1385 1057 1458 10Ι

91 1478 144 1531 lroe
159 1478 184 1530 ei
199 1475 352 1550 specialiter
372 1492 533 1532 concessum
555 1486 606 1533 est.
642 1477 690 1533 sed
711 1494 773 1534 oum
793 1480 956 1552 peregrinus
971 1479 1057 1533 ciuem

90 1560 235 1616 Romanam
249 1576 359 1616 uxorem
370 1561 493 1616 duxisset
507 1570 533 1616 et
544 1559 598 1617 filio
610 1570 676 1618 nato
688 1562 753 1617 alias
765 1563 903 1618 ciuitatem
912 1561 1059 1617 Romanam

90 1653 256 1701 consecutus
271 1655 355 1717 esset,
370 1645 468 1702 deiude
483 1662 544 1701 oum
560 1656 753 1719 quaereretur,
770 1663 804 1703 an
819 1662 926 1702 eausam
942 1645 1059 1719 probare

90 1739 195 1802 posset,
207 1731 350 1803 rescripsit
362 1731 511 1804 imperator
523 1733 685 1801 Antoninus,
698 1731 811 1805 perinde
823 1747 904 1804 posse
920 1745 986 1786 eum
996 1745 1059 1785 aau-

91 1830 146 1869 sam
159 1815 284 1888 probare,
300 1823 382 1887 atque
395 1815 417 1869 si
430 1817 592 1888 peregrinus
604 1819 757 1873 mansisset.
784 1831 816 1871 en
828 1831 883 1888 quo
893 1815 1058 1887 colligimus,

90 1899 172 1954 etiam
183 1899 359 1972 peregrinum
373 1915 480 1955 eausam
492 1903 606 1973 probare
620 1917 713 1974 posse.
739 1895 784 1956 75.
801 1899 895 1970 liniis,
908 1915 978 1974 quae
992 1898 1059 1954 dixi-

166 2048 187 2114 ¹)
202 2051 247 2099 Eae
271 2051 297 2099 V
299 2046 319 2083 ⁸⁸
338 2058 362 2099 et
384 2051 475 2102 aaran.
495 2051 589 2102 Salted.
646 2050 668 2119 ¹)
686 2054 784 2103 Sensus
802 2053 956 2117 explicandi
978 2066 1060 2100 cansa

88 2123 209 2180 restitui,
229 2124 296 2171 notis
317 2124 443 2186 seriptum
466 2123 612 2173 arbitratus
632 2121 732 2182 (σπη’,
751 2120 901 2181 ‘consulto',
917 2119 1014 2171 ‘nillil'
1035 2129 1061 2170 et

90 2190 253 2245 ‘caueatur’.
328 2188 350 2258 8)
365 2193 428 2243 Item
443 2196 547 2243 restitui
561 2196 628 2245 notis
643 2195 769 2244 adhibitis
785 2196 812 2243 in
833 2191 896 2243 ‘nel'
913 2201 939 2243 et
954 2190 1059 2257 ‘propo-

88 2262 192 2316 natur'.
244 2259 266 2328 ⁴¹)
286 2262 332 2313 Sia
352 2281 421 2314 nuno
440 2281 505 2330 qnae
528 2266 621 2316 desani
644 2269 781 2315 restituere
804 2267 897 2327 malni,
919 2280 976 2315 oum
994 2264 1020 2313 ui
1038 2264 1060 2311 si

89 2339 168 2386 initio
183 2352 205 2384 o.
221 2348 255 2385 19.
271 2342 369 2384 eertum
382 2351 437 2385 esse
447 2338 576 2387 videatur.
633 2334 654 2403 ⁵)
670 2335 1060 2387 Probabilemsenanmrestitni

85 2423 139 2472 pro
157 2408 239 2470 spatii
257 2407 330 2456 modo
349 2414 375 2455 et
388 2410 487 2471 partim
505 2408 646 2458 secandam
664 2410 759 2459 duatus
771 2407 878 2466 Seded„
899 2422 963 2472 quos
977 2408 1059 2455 inter-

86 2486 195 2543 pretor:
209 2478 344 2527 anniculum
361 2479 411 2527 lilitt
427 2480 481 2528 isat.
496 2494 597 2529 neeesse
611 2479 651 2529 sit.
680 2479 768 2545 Ipitnr
786 2496 809 2528 a.
829 2476 942 2528 ‘attinet'
964 2479 1059 2529 omissa

90 2558 137 2606 est,
152 2557 180 2599 nt
190 2550 252 2613 fieri
269 2551 335 2599 solet
348 2550 380 2613 (1,
395 2562 443 2602 tat.
462 2563 483 2601 4.
498 2548 544 2615 80).
606 2548 745 2615 ⁶)Iluetus
762 2550 855 2599 Seded.
873 2565 982 2599 servans
1000 2556 1058 2598 tan·

90 2638 167 2687 qnam
182 2628 258 2671 notas
272 2636 323 2670 non
338 2622 499 2671 continentes
512 2623 625 2671 restitui.
684 2619 704 2687 ⁷)
718 2622 844 2671 Similiter
858 2623 962 2671 restitui
976 2620 1078 2686 (erau-

90 2690 213 2757 epistula).
232 2692 344 2741 tuendam
363 2707 398 2741 esa
415 2691 517 2742 Bludm.
535 2692 628 2743 Seded.
648 2694 707 2742 edd.
743 2692 797 2742 Sed
813 2692 959 2742 Goeaelteno
970 2693 1058 2755 prima

90 2767 180 2814 littera
194 2765 296 2812 incerta
311 2764 367 2811 uisa
382 2772 427 2813 est.
457 2764 501 2813 Aa
513 2780 567 2813 rene
582 2764 616 2826 cf.
631 2763 770 2828 Scdnltinp
780 2778 832 2827 pro
847 2764 984 2826 rescriptis
998 2765 1057 2825 imp.

89 2838 115 2897 ξ.
129 2846 150 2885 4.
176 2833 485 2896 pretiotissimum.
542 2832 656 2899 ⁸)Nnnc
671 2834 710 2902 (in
725 2835 764 2883 ed.
776 2834 799 2898 5)
809 2833 909 2882 addidi.
936 2833 1057 2895 Omma

92 2903 114 2972 ⁰)
129 2906 205 2955 Haec
220 2905 321 2969 quidem
332 2910 360 2954 ia
375 2905 401 2954 V
401 2902 421 2937 εἴ
432 2904 468 2971 (et
477 2908 598 2956 similiter
608 2909 635 2954 in
645 2905 735 2970 Suppl.
747 2904 785 2954 St.
792 2922 820 2968 p.
834 2901 958 2968 XXIII.)
972 2918 1059 2967 quarn-

89 2980 131 3027 ois
148 2976 173 3026 O.
188 2977 231 3026 dic
245 2978 401 3040 difficillimo
416 2979 493 3036 lecta,
507 2980 584 3027 etiam
599 2978 660 3027 inde
673 2993 691 3026 a
704 2976 792 3026 verbis
805 2976 899 3026 duxerit
913 2989 942 3023 an
957 2976 1059 3038 aliqna-

91 3056 166 3099 tenus
180 3054 252 3097 certa
266 3048 402 3097 videntur:
419 3050 466 3098 sed
484 3056 567 3098 tanen
585 3049 600 3097 h
620 3051 713 3098 lectam
727 3049 822 3113 putavi
835 3050 915 3111 proi
930 3044 1058 3113 (eausam).

94 3118 166 3180 Quae
184 3134 245 3169 vero
264 3118 314 3168 Kr.
333 3120 374 3169 ed.
393 3133 406 3171 1
425 3120 518 3170 deinde
532 3122 656 3183 proxime
670 3128 732 3184 post
749 3123 870 3170 loannem
888 3119 964 3183 qnasi
981 3120 1010 3166 in
1030 3116 1057 3165 G.

89 3194 159 3240 lecta
169 3197 193 3239 et
202 3197 299 3239 taniam
308 3192 385 3240 initio
394 3194 511 3259 suppleto
520 3191 610 3240 habet:
625 3188 755 3255 ‘probare
771 3191 775 3257 Ι
791 3205 887 3241 oausam
899 3204 946 3238 non
956 3184 1057 3251 potest’,

88 3278 121 3312 ea
136 3263 213 3311 etiam
226 3260 317 3324 Sappl.
331 3260 369 3311 St.
381 3278 409 3325 p.
428 3261 536 3311 XXIII
546 3264 669 3327 ipnorata
688 3264 756 3311 ande
769 3268 871 3325 sumpta
884 3262 939 3309 sint
951 3268 979 3308 et
996 3257 1060 3322 qnid

88 3333 141 3383 sihi
154 3334 242 3389 velint,
257 3348 308 3397 non
323 3333 406 3383 video.
464 3330 497 3400 ¹⁰)
511 3333 670 3383 Huiusmodi
683 3334 747 3397 qnid
761 3339 829 3383 certe
841 3346 934 3381 sensas
945 3330 1058 3394 flapitat,

87 3412 114 3455 et
128 3421 185 3455 enm
199 3420 216 3453 a
229 3403 304 3453 siaa
323 3405 407 3452 relato
426 3404 563 3453 concinere
582 3406 747 3462 uiderentur,
766 3404 830 3452 daea
845 3416 958 3466 qnoque,
977 3414 1058 3463 quaa·

89 3492 165 3541 qnam
180 3477 264 3524 minas
279 3482 364 3533 certa,
379 3476 405 3523 in
420 3482 517 3524 teatarn
530 3478 650 3540 recipere
664 3482 772 3526 conatos
785 3489 848 3523 sam.

161 3598 187 3668 ξ.
204 3604 246 3651 tt.
268 3600 307 3663 Cf.
321 3614 403 3664 sopra
418 3602 440 3663 Ι.
455 3612 489 3652 ee.
558 3598 583 3668 ξ.
600 3602 642 3651 75.
660 3600 698 3663 Cf.
713 3601 736 3661 ξ.
751 3610 786 3649 ee.
