2550 4000
147 243 151 254 ’
221 217 285 284 230
516 235 574 272 eun
592 235 684 272 unsrun.
703 217 737 272 11.
756 223 871 274 38-43.

222 366 295 441 quod
317 366 462 440 quatienti,
483 383 534 424 suo
552 366 615 424 loco
636 368 787 441 apparebit:
806 367 855 424 ced
874 369 962 424 nostrl
984 377 1180 444 praeceptores

222 458 331 526 putent,
351 450 418 508 nihil
438 468 519 526 ogere
537 452 718 508 necessarium
739 449 882 524 heredem,
902 468 964 508 curn
978 453 1006 509 iu
1023 455 1082 510 iure
1097 454 1178 510 cedat

221 534 407 596 hereditatem.

284 616 334 680 ³8.
366 618 550 696 obligationes
570 635 682 694 quoquo
703 618 786 678 modo
805 627 960 678 contractae
977 622 1046 678 nihil
1059 615 1177 679 eorum¹

221 705 369 779 recipiunt:
392 721 453 763 unm
474 705 547 778 quod
562 703 627 760 milri
642 702 675 761 nb
689 703 780 776 aliquo
799 703 929 776 debetur,
949 704 976 760 id
990 706 1015 760 ei
1030 705 1114 762 uelim
1128 704 1178 762 tibi

221 789 331 860 deberi,
358 787 433 846 nullo
454 804 547 845 eorum
567 787 666 860 mollo,
685 787 781 862 quilius
796 804 841 845 res
862 787 1019 862 corporales
1038 787 1072 844 an
1094 790 1177 846 alium
1254 816 1255 847 2

223 872 438 944 transferuutur,
458 872 484 928 lul
504 869 612 930 efficere
631 865 780 945 poenum?
794 871 843 929 ned
857 889 927 946 opus
941 881 999 943 eet,
1019 882 1051 928 ut
1065 874 1177 930 iubente

222 974 265 1015 me
279 966 309 1013 tu
325 954 357 1013 nb
372 972 405 1012 eo
425 954 578 1030 stipuleris3
600 971 670 1030 quae
685 972 728 1012 res
743 953 843 1026 elficit,
863 964 924 1013 ute
946 973 988 1014 nne
1001 955 1135 1014 liberetur
1149 967 1178 1014 ει

221 1043 331 1116 incipiet
352 1040 399 1112 tibi
418 1041 514 1097 teneri.
551 1055 619 1113 queo
645 1040 742 1096 dicitur
766 1041 877 1097 nountio
897 1040 1082 1114 olrllgetionie.
1122 1037 1175 1099 89.
1254 1054 1255 1059 ’

222 1127 284 1184 Sine
305 1126 354 1183 luc
368 1141 434 1182 uero
449 1125 595 1182 nountioue
610 1139 666 1181 non
688 1126 792 1198 poterin
810 1133 857 1182 tuo
876 1126 986 1182 nomine
1006 1141 1104 1200 egere,
1125 1125 1176 1182 sed
1254 1128 1255 1139 ²

169 1210 303 1269 telones
324 1226 357 1267 ex
376 1225 493 1284 persono
511 1224 569 1266 mea
584 1209 662 1283 quusi
681 1209 808 1282 coguitor
824 1206 831 1280 Ι
849 1217 895 1265 eut
914 1218 1076 1282 procurator
1097 1226 1175 1268 meus

221 1313 252 1356 ex
272 1311 345 1356 erun.
440 1333 442 1340 ,

253 1315 336 1436 p40.
360 1378 503 1452 Sequitur,
525 1383 556 1434 ut
578 1376 783 1448 admoneamus,
804 1379 878 1451 apud
890 1378 1051 1452 peregrinos
1065 1378 1173 1452 qudem

223 1479 305 1522 unum
330 1477 390 1518 esse
415 1461 576 1529 dominium
605 1476 667 1516 nam
691 1468 739 1518 aut
759 1459 883 1518 domiuus
905 1462 1021 1535 quisque
1042 1470 1100 1534 est,
1128 1471 1174 1518 ent

221 1547 346 1604 domiuus
366 1561 420 1603 non
436 1544 612 1618 intellegitur.
650 1560 705 1619 quo
726 1546 786 1601 lure
806 1546 886 1601 etiam
905 1545 1024 1618 populus
1040 1545 1173 1605 Romanus

222 1630 285 1689 olim
301 1629 440 1686 utebatur:
462 1637 508 1687 uui
523 1630 593 1685 enlm
608 1644 641 1685 ex
655 1629 714 1686 iure
728 1627 871 1696 Quiritium
886 1631 1074 1703 unusquisque
1087 1630 1173 1688 domi-

220 1731 272 1773 nus
287 1722 354 1785 eret,
370 1721 417 1771 eut
431 1729 487 1771 uou
502 1710 712 1787 intellegebatur
726 1712 861 1770 dominun.
894 1721 938 1769 εει
952 1723 1048 1786 posteo
1064 1714 1173 1770 diuisio-

220 1814 280 1857 uem
296 1799 397 1872 accepit
412 1797 576 1867 dominium,
599 1803 631 1854 ut
646 1795 713 1854 aliun
728 1797 815 1870 possit
835 1813 896 1854 esse
910 1813 943 1854 ex
958 1798 1016 1854 lure
1031 1796 1171 1866 Quiritium

220 1884 355 1954 lominus,
371 1882 437 1938 nlius
454 1883 480 1937 lu
495 1881 573 1936 honlo
588 1879 696 1938 hebere.
740 1877 782 1938 41.
805 1880 871 1938 Nam
886 1882 909 1936 ei
924 1880 973 1938 tibi
986 1897 1045 1938 rem
1060 1883 1171 1956 mancipi

219 1982 308 2041 neque
329 1967 514 2041 mnueipnuero
535 1981 623 2039 neque
643 1964 671 2021 in
686 1965 744 2022 iure
759 1981 882 2035 cessero,
903 1973 947 2023 eet
967 1973 1072 2023 tuntum
1092 1966 1170 2025 tradi·

219 2052 298 2116 dero,
318 2053 345 2109 iu
360 2049 436 2108 bonis
452 2050 559 2124 quidem
576 2051 630 2107 tuis
645 2066 676 2107 ee
696 2048 888 2122 conflicitur,
908 2066 941 2106 ex
954 2051 1014 2108 lure
1029 2050 1170 2119 Quiritium

220 2153 287 2194 uero
307 2151 365 2193 men
385 2134 564 2209 permanebit,
588 2134 675 2191 donec
696 2141 727 2189 tu
747 2150 806 2189 eun
827 2133 992 2208 possidendo
1015 2137 1168 2209 usucapies:
1191 2134 1196 2144 ’

219 2220 304 2279 semel
318 2222 389 2277 euim
404 2219 515 2293 impletu
530 2219 694 2293 usucapione
709 2217 822 2292 proinde
835 2217 917 2291 pleno
939 2219 998 2275 lure
1019 2220 1123 2294 incipit,
1144 2218 1168 2275 inl

219 2313 261 2362 est
281 2312 309 2360 ει
327 2305 354 2359 in
374 2302 452 2359 bonis
472 2311 500 2359 ει
522 2317 555 2358 ex
575 2304 633 2358 iure
656 2300 798 2369 Quiritium
819 2310 866 2357 tun
885 2318 929 2358 res
950 2317 1029 2376 eece,
1049 2321 1081 2362 eo
1102 2305 1126 2359 si
1139 2318 1167 2359 ee

220 2388 368 2459 mancipatu
383 2385 427 2442 uel
442 2386 469 2442 iu
484 2387 543 2441 iure
563 2401 637 2443 cesse
658 2382 760 2460 ⁹(eeeet.
802 2382 851 2443 42.
880 2387 1025 2459 Usucopo'o
1046 2381 1219 2462 aeteml³n⁵u

220 2468 358 2527 mobilium
373 2468 481 2542 quidem
495 2484 586 2525 rerum
595 2485 666 2525 enno
677 2469 840 2543 completur,
855 2469 932 2528 lundi
947 2486 1013 2528 uero
1025 2478 1054 2529 et
1065 2471 1167 2528 aedium

218 2552 341 2626 bieunlo;
358 2560 386 2609 et
401 2554 437 2608 ite
452 2551 514 2626 lege
527 2570 574 2610 nr
590 2552 740 2611 tabularum
755 2563 863 2611 cnutum
878 2564 930 2615 eet.

280 2632 330 2695 4³.
354 2636 478 2694 Ceterum
493 2637 572 2693 etiem
587 2654 679 2695 earum
694 2654 784 2695 rerum
799 2640 929 2713 ueucnpio
945 2639 1024 2697 nobie
1038 2641 1165 2713 conpetit,

218 2753 429 2775 ...Ι-ι*-

291 2821 311 2891 ι)
325 2823 464 2875 Enoidieee
478 2824 579 2873 videtur
595 2820 699 2887 ‘quinne
713 2824 776 2887 quid
788 2825 903 2874 donimus
913 2827 975 2888 fieri
989 2824 1120 2876 oliorum’.

219 2895 241 2964 ¹)
259 2896 303 2945 En
326 2894 416 2945 Goeclt.
439 2899 464 2942 el
481 2894 587 2944 Locum.
609 2894 666 2943 edd.
689 2894 774 2957 p'sum'
795 2895 821 2944 0.
845 2910 972 2959 possumne
991 2898 1030 2947 ed.
1050 2897 1098 2963 Bp.

219 2964 240 3033 ³)
254 2967 328 3016 Haec
342 2982 358 3015 a
372 2962 477 3013 Lachne.
492 2967 609 3029 suppleta
624 2970 652 3013 ut
665 2965 850 3025 omitterentur,
863 2969 998 3030 scripturn
1014 2969 1165 3032 antiquioris

218 3038 317 3088 codicis
331 3042 396 3085 esset
410 3041 464 3086 ucnt
473 3042 534 3099 poet
547 3036 654 3084 similem
668 3050 752 3085 nocem
766 3051 835 3085 cessa
851 3037 953 3086 videtur
967 3039 1091 3102 effecisse.

288 3208 728 3282 538.Cs.§§.1e.1o.nn.o,1ro
769 3207 795 3281 5.
811 3214 853 3263 39.
870 3211 908 3276 Of.
924 3225 994 3272 nee.
1010 3225 1044 3265 oo.
1085 3209 1163 3283 §.to

220 3283 258 3348 Os.
269 3297 290 3344 1,
299 3293 333 3336 ee.
345 3292 379 3335 en.
390 3292 436 3334 ιιι.
451 3295 472 3341 ε,
486 3294 520 3334 oo.
536 3294 556 3343 e,
567 3294 613 3335 roo.
637 3282 747 3345 Tteopl.
762 3295 783 3341 1,
797 3292 818 3333 n.
833 3284 856 3345 4.
866 3296 887 3335 e.
937 3280 964 3352 §-
976 3287 1018 3335 ιι.
1039 3284 1078 3347 Os.
1089 3297 1109 3343 1,
1118 3280 1163 3335 εει.

218 3367 239 3414 e,
255 3364 433 3413 nonnemo.
457 3352 512 3418 lllp.
528 3366 549 3412 1,
565 3365 597 3405 ιε.
616 3354 649 3402 Ι..
668 3364 702 3404 oe.
722 3354 745 3415 §-
764 3364 784 3403 ε.
807 3353 839 3402 1).
860 3354 891 3403 de
907 3352 1163 3421 tto.oanra(eo,1e).

218 3422 244 3494 ᾖ.
259 3428 302 3477 lu.
324 3424 361 3488 Cf.
381 3423 436 3489 Uip.
452 3436 485 3483 19,
500 3435 521 3475 ι.
532 3439 576 3486 pr.
592 3423 614 3472 I.
629 3424 662 3473 de
676 3438 748 3473 uene.
762 3421 793 3488 (2,
803 3423 826 3489 e)
842 3440 898 3474 cum
911 3424 1020 3489 uneopn.
1038 3424 1089 3475 Oie.
1107 3424 1163 3489 Top.

218 3506 238 3544 4.
254 3496 276 3556 §-
292 3506 325 3545 ιι.
336 3510 388 3558 pro
405 3493 477 3544 Coeo.
494 3506 526 3544 19.
542 3493 779 3556 infreme-iot.
855 3490 901 3563 ἕξ.
916 3498 958 3545 ta.
974 3498 1016 3546 44.
1038 3496 1076 3559 Cf.
1087 3495 1163 3560 pr.I.
1247 3511 1248 3522 ¹

219 3565 262 3613 cit.
282 3563 336 3626 Uip.
352 3564 384 3613 ib.
400 3564 473 3626 infra
487 3565 510 3625 ὅ.
524 3574 558 3613 49.
577 3562 609 3611 Ι..
625 3576 645 3613 1.
660 3563 692 3611 Ι).
707 3563 739 3613 de
753 3579 842 3627 nnnrp.
858 3564 903 3629 (41,
917 3563 949 3629 ι).
