2550 4000
425 228 483 264 cau
501 229 596 265 murto.
614 210 635 263 Ι.
656 216 734 267 2-6.
990 213 1054 279 173

90 361 228 418 Romanus
247 359 346 433 partim
361 374 412 414 suo
428 360 550 432 proprio,
567 360 663 432 partim
679 359 816 415 communi
833 363 952 418 omnium
968 362 1055 421 bomi-

90 461 157 502 num
182 445 240 500 iure
269 443 364 500 utitur.
391 459 461 516 quae
486 442 592 516 singula
617 442 708 516 qualia
726 444 798 514 sint,
821 443 879 499 suis
900 445 967 502 loois
989 463 1053 520 pro·

91 543 235 603 ponemus.

157 609 186 670 2
204 610 318 667 Constat
333 617 422 668 autem
434 610 477 666 lus
489 613 571 668 ciuile
582 610 677 684 populi
688 604 812 668 Romanil
823 611 985 688 exlegibus,
997 613 1054 687 ple·

92 697 207 762 biscitis,
224 701 337 752 senatus
354 694 497 765 consultis,
516 693 759 754 constitutionibus
775 696 941 769 principum,
959 697 1055 754 edictis

93 795 202 851 eorum,
219 779 265 852 qui
281 780 323 835 ius
337 777 457 835 edicendi
470 778 578 844 habeut,
591 779 729 852 responsis
742 779 924 852 prudentium.
954 778 984 838 3.
1000 780 1055 838 Lex

94 872 153 935 est,
181 862 255 937 quod
275 861 393 936 populus
414 861 489 918 iubet
509 871 591 935 atque
621 863 771 918 constituit.
805 862 977 936 plebiscitum
1003 874 1053 934 est,

96 947 171 1020 quod
186 945 263 1022 plebs
278 945 355 1002 iubet
373 953 454 1019 atque
475 947 627 1003 coustituit.
665 945 742 1019 plebs
764 954 882 1002 autema
904 949 1007 1022 populo
1022 966 1055 1006 eo

96 1032 196 1102 distat,
216 1029 290 1103 quod
311 1029 407 1104 populi
427 1029 609 1102 appellatione
628 1031 749 1088 uniuersi
768 1031 842 1088 ciues
857 1031 1055 1106 significantur,

95 1113 296 1172 connumeratis
317 1118 405 1172 etiem
418 1115 554 1188 patriciis3
575 1113 662 1187 plebis
683 1123 774 1171 autem
794 1116 977 1188 appellatione
996 1118 1056 1173 sine

95 1197 216 1272 patriciis
231 1199 316 1254 ceteri
331 1199 405 1254 ciues
421 1197 626 1271 significantur,
640 1197 713 1254 undo
728 1197 792 1254 olim
805 1201 910 1272 patricii
921 1199 1055 1270 dicebant,

96 1280 244 1355 plebiscitis
266 1298 375 1338 senon
399 1283 498 1354 teneri,
522 1283 586 1355 quia
608 1283 666 1339 sine
688 1283 849 1339 auctoritate
871 1299 965 1342 eorum
987 1284 1055 1340 lacta

97 1373 204 1433 esseut3
220 1364 268 1422 sed
283 1373 377 1439 postea
396 1369 401 1434 Ι
420 1363 464 1421 lex
473 1365 617 1422 Hortensia
631 1365 684 1422 lata
700 1374 753 1437 est,
769 1382 822 1439 qua
834 1375 942 1424 cautum
957 1377 1009 1438 est,
1026 1376 1055 1424 ut
1065 1389 1090 1437 2,
1269 1368 1271 1433 i

18 1459 83 1509 [102]
97 1449 237 1523 plebiscita
254 1451 409 1506 uniuersum
424 1449 554 1523 populum
570 1458 709 1507 tenerent:
730 1451 821 1523 itaque
842 1467 876 1508 eo
892 1451 972 1508 modo
988 1451 1055 1524 lepi-

97 1533 148 1590 bus
164 1541 312 1606 exaequata
327 1542 401 1590 sunt.
431 1530 459 1590 4.
480 1534 594 1591 Senatus
609 1533 765 1592 consultum
780 1542 838 1604 est,
855 1534 929 1608 quod
943 1543 1055 1591 senatus
1269 1540 1270 1555 *

97 1616 173 1674 iubet
196 1625 276 1689 atque
299 1619 457 1686 constituit;
480 1617 561 1690 idque
583 1617 653 1692 legis
676 1618 762 1676 uicem
785 1620 906 1691 optinet,
933 1620 1055 1692 quamuis

97 1701 180 1758 luerit
195 1702 360 1774 quaesitum.
386 1698 415 1760 b.
430 1700 595 1760 Constitutio
607 1703 736 1776 principis
752 1709 804 1773 ost,
820 1702 894 1776 quod
909 1705 1057 1776 imperator

98 1785 208 1842 decreto
224 1784 269 1842 uel
292 1785 380 1842 edicto
396 1785 440 1842 uel
455 1785 571 1860 epistula
586 1788 737 1844 constituit.
766 1801 818 1843 neo
838 1802 963 1860 umquam
978 1785 1055 1843 dubi·

97 1877 186 1926 tatum
201 1877 254 1941 est,
277 1871 342 1942 quin
363 1869 391 1925 id
412 1869 480 1944 legis
497 1870 582 1926 uicem
598 1873 730 1944 optineat,
754 1885 814 1926 eum
836 1871 894 1944 ipse
909 1873 1056 1944 imperator

97 1969 148 2027 per
167 1953 257 2028 legem
276 1954 418 2027 imperium
440 1954 558 2027 accipiat.
602 1949 631 2011 6.
654 1952 780 2031 ’(Εάἰοῑα
806 1961 874 2011 sunt
890 1963 1056 2027 praecepto

100 2054 208 2109 eornm,
225 2042 276 2112 qui
289 2043 334 2095 ins
349 2040 480 2095 edicendi
493 2032 637 2114 nabent.)²
654 2039 695 2096 ins
711 2048 802 2097 autem
818 2038 940 2097 edicendi
957 2038 1056 2096 habeut

99 2154 313 2165 ——————

176 2202 197 2272 ¹)
215 2205 322 2257 Retinni
338 2221 373 2254 ecc
391 2205 430 2254 ed.
445 2218 481 2264 9.,
500 2222 556 2254 eum
575 2206 621 2254 iuri
640 2206 706 2253 ciuili
723 2206 748 2254 ll.
767 2208 785 2254 l.
803 2213 893 2269 operte
911 2213 1057 2268 opponatur

100 2292 171 2327 omne
193 2278 229 2325 ius
251 2291 296 2341 qno
318 2277 406 2325 utimur
424 2278 447 2337 ξ.
467 2288 487 2327 8.
507 2284 532 2325 et
550 2276 584 2337 of.
604 2275 700 2325 Isidor.
720 2290 759 2324 or.
779 2286 800 2338 8,
819 2286 844 2333 9,
866 2286 885 2325 9.
906 2282 1016 2325 constant
1034 2283 1057 2325 at

99 2346 201 2414 (autem)
217 2348 268 2396 iura
277 2362 307 2409 pr
321 2346 348 2395 V
348 2343 369 2379 ⁸¹⁶
382 2346 439 2396 edd.
450 2346 589 2409 innascente,
606 2353 632 2395 ut
642 2353 715 2409 puto,
725 2362 760 2395 ex
769 2347 806 2395 ius
819 2348 836 2396 9·
843 2362 850 2408 3
865 2362 923 2395 nam
934 2347 984 2395 iura
994 2362 1017 2410 p.
1029 2346 1055 2395 li.

96 2420 197 2483 purtim
211 2420 288 2467 etium
301 2419 369 2467 iuris
385 2418 499 2482 pontium
512 2423 584 2475 sunt,
604 2420 648 2467 cui
660 2418 704 2467 nie
717 2420 790 2467 locus
808 2432 859 2467 non
873 2424 919 2466 est.
947 2424 1058 2466 constent

100 2496 181 2539 autem
194 2488 246 2537 iura
265 2486 399 2553 (propriu)
417 2488 456 2537 ed.
476 2503 531 2537 mea
544 2499 564 2537 1.
593 2494 783 2537 consistentem
802 2489 838 2537 ius
859 2487 999 2537 Romanum
1016 2488 1056 2536 ed.

100 2558 150 2625 Bp.
166 2570 186 2611 8.
219 2565 329 2608 constant
343 2596 349 2607 .
364 2594 370 2607 .
386 2559 437 2606 iura
456 2566 537 2607 nostra
556 2559 588 2620 ej.
607 2556 715 2608 Bremer
735 2557 777 2622 (de
800 2558 855 2622 Uip.
875 2560 955 2607 instit.
967 2574 994 2621 p.
1010 2557 1055 2622 49).

103 2627 124 2696 ¹)
144 2628 267 2693 Suppleui
286 2630 323 2677 nd
341 2630 499 2678 uenientium.
537 2627 615 2678 Hono
635 2631 702 2678 enim
722 2629 864 2679 edictorum
885 2629 1056 2691 definitionem

101 2782 126 2843 §-
138 2790 172 2829 11.
183 2778 251 2828 Lot.
261 2781 304 2828 eit.
313 2794 372 2843 qnae
380 2776 483 2847 singula]
493 2780 510 2827 i.
519 2794 540 2828 e.
551 2793 616 2843 quae
625 2780 877 2842 sinpulaprueoepta
884 2794 918 2827 on
926 2779 980 2825 siue
990 2778 1057 2825 iuris

99 2851 216 2916 gentium
233 2851 287 2898 siue
306 2851 373 2899 iuris
392 2851 478 2899 civilis
495 2852 548 2899 sint
565 2856 613 2898 eto.
639 2848 677 2911 Cf.
697 2859 718 2905 1,
733 2859 767 2900 88.
781 2858 815 2900 85.
830 2860 863 2899 tu.
879 2859 913 2898 eit.
928 2859 961 2897 88.
972 2858 1006 2897 84.
1021 2858 1056 2897 88.

101 2933 138 2973 99.
153 2932 200 2973 nos.
215 2932 262 2972 119.
277 2931 323 2971 ssa.
339 2931 386 2971 nos.
401 2931 448 2971 oss.
468 2932 488 2982 9,
502 2930 528 2971 99
542 2934 593 2984 seq.
608 2931 643 2971 99.
662 2930 683 2976 9,
697 2929 731 2970 99.
746 2930 793 2969 un.
809 2920 870 2969 ud.
951 2954 956 2965 .
972 2919 997 2967 9.
1018 2916 1056 2979 Of.

102 2993 127 3053 ἕ.
143 2988 201 3043 at
221 2992 259 3040 iit.
279 2992 321 3039 eit.
337 2990 369 3039 L.
388 3002 409 3041 9.
420 3006 463 3055 pr.
479 2990 511 3039 D.
527 2992 565 3039 n't.
586 2992 628 3039 eit.
651 2990 702 3038 Cio.
726 2988 787 3051 Pop.
802 3000 823 3047 5,
838 3000 871 3039 98.
946 2990 992 3039 .3.
1018 2987 1056 3049 Cf.

103 3064 128 3123 §-
143 3072 164 3112 4.
179 3060 202 3111 Ι.
217 3062 249 3111 de
262 3062 320 3110 iure
334 3068 386 3110 not.
403 3060 433 3124 (1,
449 3060 471 3122 9)
486 3060 546 3125 ibiq.
561 3059 702 3110 Schrader.
748 3056 773 3127 ξ
789 3061 813 3109 t.
836 3060 873 3122 Cf.
889 3060 913 3121 §-
928 3069 948 3110 5.
963 3057 985 3107 Ι.
1001 3058 1057 3108 eod.

102 3132 137 3180 L.
152 3142 172 3182 9.
188 3132 221 3182 D.
235 3132 267 3181 de
281 3134 329 3196 lep.
344 3130 392 3181 SC.
406 3130 437 3195 (1,
452 3129 483 3196 8).
538 3127 563 3199 β.
580 3133 603 3182 5.
625 3130 663 3193 Cf.
679 3132 702 3191 ξ.
719 3141 740 3181 9.
755 3130 777 3179 J.
792 3130 824 3179 de
839 3132 897 3179 iure
911 3136 963 3178 not.
979 3130 1010 3193 (1,
1025 3129 1056 3193 9).

103 3198 129 3271 ξ.
146 3205 170 3253 6.
194 3202 232 3265 Cf.
252 3204 275 3265 ἓ.
290 3214 309 3255 t.
325 3201 348 3255 I.
364 3202 419 3253 eod.
437 3202 489 3251 Cic.
511 3203 547 3251 od
560 3201 640 3251 Attia.
659 3212 679 3261 8,
699 3214 719 3250 1.
739 3203 762 3261 ξ.
777 3211 810 3251 19.
847 3197 999 3266 quaestores]
1019 3200 1059 3248 De

103 3288 193 3323 eorum
202 3273 382 3323 iurisdictione
392 3272 426 3336 os.
440 3272 491 3322 Cio.
502 3273 581 3321 divin.
592 3284 625 3322 1⁷.
636 3273 659 3333 §-
670 3281 703 3323 85.
722 3270 808 3322 Soloi.
824 3272 860 3321 ad
870 3271 921 3320 Cio,
933 3271 1012 3319 divin.
1024 3279 1057 3320 15.

103 3344 128 3405 ξ.
141 3355 178 3395 48.
197 3359 271 3408 quum
280 3344 422 3408 delegatam
432 3342 558 3393 aedilibus
569 3342 729 3393 Cirtensibus
738 3344 766 3391 in
776 3343 917 3406 prouincia
927 3340 1057 3396 Numidia,

103 3430 180 3479 quum
193 3420 314 3479 quaestor
323 3416 491 3478 proconsulis
501 3414 610 3476 Africae
620 3428 671 3462 non
683 3413 766 3475 focile
775 3412 871 3470 adibat,
887 3427 955 3460 nuno
965 3424 1058 3474 999999-

103 3486 186 3535 vimus
203 3500 238 3535 ex
257 3484 354 3533 Renier
371 3484 394 3534 Ι.
414 3484 447 3534 Α.
466 3495 526 3535 9199.
545 3483 589 3549 (=
606 3482 806 3533 Orelli-Henzen
826 3481 898 3547 9989.)
918 3492 1057 3536 18891880.

103 3568 165 3607 2172.
179 3567 240 3607 2173.
256 3566 317 3608 2325.
