2550 4000
397 255 455 292 eeu
472 255 564 293 mersu.
585 238 618 292 ΙΙ.
633 243 746 294 83-85.
986 239 1050 305 239

79 405 178 447 suum
200 403 263 446 esse
281 379 405 461 petere.¹
446 387 520 444 unde
541 387 574 444 de
593 387 697 462 pupillo
718 389 826 462 quidem
841 391 994 463 quaeritur,
1017 406 1050 448 au

79 474 221 530 ’nummis
246 473 292 545 iis,
316 487 387 547 ques
408 479 519 528 mutuos
541 470 623 538 dedit,
647 471 679 528 eb
702 488 752 544 eo,
775 477 821 548 qui
843 475 954 547 accepit,
982 490 1049 532 eon·

81 557 1051 632 mmmmmmmmmmmfflmmfflmmmmc

77 643 259 714 possidente
284 641 431 698 uindicari
454 655 508 695 non
533 634 649 714 ροιεεῑ,2
690 637 742 699 83.
765 640 812 699 ’m
834 658 867 700 ex
892 639 1051 704 contrario!

82 741 194 783 omnes
214 741 264 782 res
278 732 336 782 tam
358 727 485 796 mancipi
497 717 602 798 quum³
624 740 677 782 nec
690 728 805 800 mancipi
820 725 981 783 mulieribus
1000 722 1005 801 Ι
1024 733 1052 782 et
1061 740 1102 790 u,

82 809 210 884 pupillis
226 813 288 866 sine
301 810 401 865 tutoris
421 809 580 865 auctoritate
600 809 673 866 solui
694 818 821 883 possunt,
845 811 970 884 quoniam
991 825 1050 866 me·

18 891 1050 951 mummmmmmmmmmmmmmmmmmm

84 979 180 1033 ritate
194 991 349 1034 concessum
365 981 416 1032 est.
454 971 503 1034 84.
525 975 616 1050 ltaque
631 978 655 1032 ei
670 976 777 1034 debitor
790 980 931 1051 pecuniam
946 977 1051 1052 pupillo

84 1059 198 1132 solunt,
216 1061 276 1116 lecit
291 1059 399 1134 quidem
414 1061 555 1133 pecuniam
571 1059 683 1133 pupilli,
702 1061 750 1118 sed
766 1064 825 1135 ipse
839 1079 894 1120 non
909 1060 1050 1133 liberatur,

85 1145 158 1218 qula
190 1143 290 1201 nullam
317 1142 508 1216 obligationem
535 1143 656 1217 pupillus
682 1149 740 1202 sine
766 1148 865 1202 tutoris
891 1148 1051 1202 auctoritate

85 1221 1052 1302 mmmmmmmmmfflmmmwwm

87 1314 258 1369 auctoritate
272 1327 398 1369 ccxxeessa
413 1320 470 1380 est;
487 1319 530 1368 set
544 1321 632 1368 temen
645 1313 668 1368 si
680 1327 712 1368 ex
724 1329 754 1369 ea
765 1315 879 1386 pecnnia
891 1312 1054 1386 locupletior

89 1395 185 1452 sactus
208 1398 253 1467 sit,
276 1403 302 1452 et
323 1394 408 1452 adbuc
428 1402 514 1468 petat,
535 1411 585 1469 per
605 1397 790 1470 exceptionem
816 1395 871 1454 doli
894 1397 956 1453 meli
978 1413 1051 1453 sum-

87 1481 202 1536 moueri
216 1487 316 1554 potest.
347 1475 393 1537 85.
408 1478 511 1536 llulieri
527 1495 594 1535 uero
609 1482 688 1536 etiam
703 1481 762 1536 eine
777 1483 876 1537 tutoris
890 1482 1052 1538 auctoritate

87 1572 172 1622 recte
187 1562 257 1620 solui
272 1570 378 1638 petest:
399 1579 459 1620 nam
476 1564 522 1637 qui
536 1561 632 1628 soluit,
649 1562 779 1620 liberetur
794 1563 974 1638 obligatione,
990 1566 1052 1639 qula

88 1663 141 1704 res
161 1664 212 1705 nec
232 1648 363 1721 mancipi,
385 1652 416 1702 ut
436 1649 557 1720 proxime
577 1647 705 1710 diximus.
725 1664 785 1704 ase
806 1647 941 1706 dimittere
956 1647 1053 1706 muller

89 1734 177 1790 etiem
198 1734 257 1788 elne
276 1733 376 1787 tutoris
392 1733 554 1787 auctoritate
568 1738 676 1804 potem:
698 1747 859 1806 quemquam
881 1733 933 1790 hoc
947 1734 985 1788 ita
999 1741 1052 1805 est,

90 1819 119 1873 si
138 1817 249 1889 accipiat
263 1817 421 1889 pecuniam3
438 1821 464 1870 at
479 1817 501 1871 si
516 1830 570 1871 non
585 1816 714 1890 accipiet,
728 1824 779 1872 eet
795 1811 922 1873 ’haberel
937 1832 969 1873 se
982 1815 1053 1873 dicat

93 1909 126 1958 et
144 1917 194 1974 per
209 1898 439 1972 acceptilationem
455 1897 522 1955 uelit
536 1898 688 1955 debitorem
702 1899 761 1956 sine
777 1902 876 1957 tutoris
892 1901 1053 1958 auctoritate

91 1983 226 2055 liberare,
242 1999 297 2039 non
312 1990 413 2057 potest.

90 2098 314 2112 ——u-....—---·-

176 2148 196 2218 ¹)
212 2151 307 2209 Priore
320 2152 482 2202 restitutione
495 2152 522 2201 ln
537 2152 576 2201 ed.
591 2163 612 2203 e.
627 2153 691 2203 bare
704 2154 741 2202 ud
753 2168 866 2204 nummos
875 2157 973 2218 pupilli
986 2157 1054 2205 muln

89 2224 151 2288 side
169 2228 330 2287 consumptos
347 2223 492 2272 retuleram.
528 2220 581 2271 Sed
597 2237 632 2272 eac
655 2223 683 2273 V
683 2219 711 2283 ⁸⁸,
729 2240 785 2273 eum
803 2223 874 2275 Stms
892 2232 1009 2284 tentetur,
1029 2232 1054 2276 et

96 2293 232 2345 Geiecltem’
246 2294 368 2344 lectiones
381 2292 406 2342 i.
421 2295 437 2341 l.
454 2294 640 2343 incertissimas
653 2308 707 2344 esee
721 2310 768 2345 nec
782 2295 868 2353 uideri
880 2294 917 2344 ibi
934 2296 966 2345 de
984 2298 1053 2345 mole

91 2366 149 2429 fide
162 2371 246 2415 actium
257 2364 349 2429 fuisse,
364 2364 415 2413 ium
428 2364 482 2413 aliu
492 2365 524 2427 ei.
540 2378 627 2413 uerum
640 2379 740 2414 sensum
750 2365 812 2415 mibi
821 2366 911 2416 uideor
920 2373 1052 2417 assecutus

95 2450 161 2487 esse.
189 2433 320 2500 Scriptum
336 2434 419 2497 fuisse
433 2436 527 2498 posui:
545 2435 600 2484 mul.
620 2449 679 2484 uero
697 2450 713 2498 p
732 2435 806 2484 mutui
823 2440 828 2495 Ι
843 2437 959 2486 actionem
977 2452 990 2487 e
1009 2452 1051 2487 reo

94 2522 152 2571 pce.
167 2513 276 2569 repetere
290 2512 369 2568 potest
382 2505 421 2553 s'rl
436 2514 478 2555 sud
497 2520 524 2554 ec
538 2508 637 2569 pellere.
666 2505 756 2555 Minue
769 2508 858 2569 piacet
871 2506 956 2573 Krip.
976 2510 1052 2557 etium

97 2577 227 2627 audacius
239 2578 338 2640 euppt:
356 2573 457 2625 ‘mulier
475 2591 537 2627 uere
555 2578 657 2625 minime
678 2576 727 2627 boe
744 2577 818 2626 modo
837 2584 945 2641 repetere
963 2586 1051 2641 potest,

96 2649 203 2698 uetita:
221 2647 282 2697 deri
296 2646 347 2696 sibi
360 2642 503 2710 oportere’;
518 2648 588 2697 nullo
603 2646 677 2697 modo
692 2646 874 2696 admittendum
888 2647 1053 2698 Mommeem't

100 2715 194 2782 ‘neque
208 2724 289 2767 tumen
303 2718 394 2766 stricto
408 2718 463 2766 iure
478 2724 559 2779 petere
573 2724 653 2779 potest
668 2717 715 2765 sibi
729 2731 772 2765 eos
786 2718 848 2767 dari
861 2714 998 2780 oportere’,

100 2785 123 2855 ²)
138 2788 223 2837 Etiam
237 2788 299 2837 boec
313 2788 439 2837 sententia
448 2801 483 2836 em
498 2787 525 2836 V
527 2782 547 2819 ⁵2
560 2788 637 2836 aliter
652 2787 808 2850 diomede.
823 2787 982 2837 restituenda
989 2788 1051 2851 fuit.

100 2859 182 2909 Notas
193 2859 277 2922 fuisse
286 2859 365 2921 posui
378 2859 405 2907 in
418 2854 507 2924 d(unt),
521 2857 569 2906 nisi
581 2864 606 2907 et
619 2857 766 2921 possidente.
799 2857 916 2923 Vestipin
935 2873 957 2907 v.
972 2859 1052 2922 possi-

100 2931 170 2979 dente
191 2936 215 2979 et
236 2928 352 2978 uindicari
371 2935 498 2992 apparent
518 2930 544 2977 in
566 2926 658 2977 Sebed.
679 2926 848 2978 Blultmionr'e.
884 2928 947 2978 Alie
968 2932 1052 2993 suppl.

100 3000 250 3065 Kritp.nlio
263 2998 376 3050 Momms.
427 2995 448 3064 8)
466 2998 556 3048 Go'eeb.
571 3006 673 3048 secutus
687 2999 797 3047 restitui,
845 2995 867 3064 ⁴)
883 2999 1000 3052 Currenti.
1017 3002 1051 3065 ef.

99 3082 121 3130 u,
131 3082 164 3123 be.
184 3072 238 3135 quia
252 3070 338 3120 nulllus
351 3070 516 3133 deindepost
532 3069 642 3118 alienatio
657 3069 748 3119 addite
758 3084 819 3119 uoce
833 3070 856 3119 si
867 3070 893 3120 0.
908 3072 966 3121 edd.
976 3075 1053 3122 etiem

100 3157 169 3192 mene
178 3144 292 3205 priores.
353 3136 373 3207 ⁶)
388 3142 405 3190 i.
421 3156 442 3190 c.
457 3146 587 3203 acceptum
600 3138 703 3197 babere,
718 3147 742 3189 et
753 3141 868 3203 sortasse
882 3144 981 3192 excidit
997 3141 1054 3193 ‘ae-

100 3210 218 3276 ceptam'.
244 3211 282 3276 Cf.
292 3225 313 3262 1.
328 3211 350 3260 L
366 3210 433 3275 quib.
448 3211 514 3263 mod.
532 3208 581 3260 obl.
592 3211 645 3260 toll.
660 3209 691 3275 (3,
701 3208 746 3276 ie).
761 3209 793 3258 L.
809 3221 829 3261 t.
844 3211 876 3259 Ι).
887 3212 919 3261 de
933 3214 1054 3276 acceptil.

101 3281 144 3349 (ec,
158 3282 183 3349 4)
197 3290 221 3333 et
235 3282 308 3346 iufra
322 3294 343 3341 e,
359 3294 403 3335 me.

170 3446 195 3519 §-
211 3454 252 3502 ee.
275 3450 312 3513 or.
328 3450 352 3511 e.
367 3461 387 3503 e.
404 3448 425 3499 J.
442 3451 485 3499 cu.
496 3465 540 3512 pr.
556 3447 578 3497 1.
594 3449 625 3499 ue
640 3456 708 3499 aute.
723 3428 768 3497 me
784 3445 815 3512 (1,
829 3444 874 3510 ει).
918 3441 944 3511 e.
955 3445 998 3493 ee.
1015 3440 1053 3504 cf.

101 3522 123 3585 ξ.
138 3532 158 3572 2.
174 3522 195 3572 I.
212 3523 254 3571 cit.
270 3520 330 3585 ibiq.
350 3519 478 3583 lbeopbil.
496 3520 547 3569 Oie.
566 3518 626 3582 Tep.
642 3532 667 3569 11
683 3520 739 3567 init.
810 3512 836 3581 ξ
852 3515 894 3563 85.
916 3514 954 3577 Cf.
969 3524 990 3572 e,
1005 3522 1055 3562 itt.

103 3593 153 3643 Oie.
169 3594 185 3641 l.
201 3608 222 3642 e.
238 3588 357 3657 proxime]
372 3592 394 3652 §-
409 3601 443 3641 ee.
