2550 4000
199 253 262 319 160
633 273 720 309 osus.

196 411 248 450 neo
266 396 379 449 omnino
397 379 596 459 dubitandum,
615 393 685 448 Gaio
702 393 829 462 inprimis
847 394 944 448 deberi
961 410 1026 448 eum
1043 394 1148 449 studio-

196 481 259 516 rum
272 462 406 527 ordinem,
419 477 502 530 quem
515 461 686 514 Iustinianus
701 462 791 514 tradit
800 461 961 530 primusque
973 478 1068 515 rursus
1085 477 1147 517 oum

196 527 1148 652 ³l⁸⁰s⁰5¹³⁰t⁰·tililtdmtu{ilidiiitttliitmdiiltl‘l

197 614 254 652 s1ou
285 614 314 650 m
352 614 375 649 rr
1120 615 1148 650 m

196 665 315 726 libellus,
331 613 384 733 Idui
401 679 465 716 oum
481 612 603 732 poecile
650 663 709 716 eius
725 663 878 730 prodierat,
897 666 1017 717 exeunte
1035 665 1149 718 demum

196 731 363 812 libera-rep.
382 730 475 808 cdiotp
491 731 628 808 praetoris
646 732 781 795 cesserat,
800 731 886 808 etiam
902 730 1039 809 inaltera
1054 733 1149 808 aetate

196 795 1150 943 title¹.attigit.¹3¹..lttizttdtttjtuitt‚tttttlt

197 947 276 1009 perro
290 933 437 985 Iustrnram
450 946 539 985 novae
558 933 754 1000 oompoutronr
766 931 874 986 cedere.
903 931 949 997 At,
966 947 1066 999 mqurs,
1079 931 1150 984 heco

199 1014 295 1054 omnia
307 998 390 1052 certis
402 997 569 1051 testimoniis
580 1013 636 1051 non
648 999 784 1052 nituntur.
814 998 919 1061 Andi03
937 997 987 1052 sed
998 999 1149 1051 maximam

199 1083 233 1121 ea
249 1066 354 1120 habere
371 1064 601 1134 probabilitatem
619 1081 676 1118 non
692 1065 776 1119 facile
793 1065 918 1134 negabit,
937 1065 985 1133 qui
1002 1065 1077 1133 ipsas
1094 1081 1149 1130 res,

198 1150 232 1188 ex
250 1134 352 1201 quibus
371 1133 537 1202 argumenta
555 1132 692 1200 duximus,
711 1134 787 1187 recto
804 1132 909 1186 iudicio
924 1133 1116 1211 perpenderit.

265 1201 324 1253 lam
337 1201 360 1252 si
376 1199 429 1254 hoo
443 1198 507 1252 Gaii
517 1199 670 1268 ingenium,
690 1200 713 1253 si
730 1199 789 1254 tale
805 1200 892 1253 totius
904 1203 979 1252 vitae
990 1200 1150 1253 institutum

199 1267 273 1331 erat,
292 1269 325 1320 ut
342 1267 428 1320 etiam
445 1265 611 1320 discriminis
629 1265 708 1336 origo
725 1282 834 1330 corum,
854 1267 904 1334 qui
919 1267 962 1320 ius
978 1265 1091 1334 publice
1109 1282 1151 1334 re·

199 1334 373 1402 sponderent
394 1337 424 1387 et
441 1333 489 1401 qni
506 1334 616 1386 tantum
635 1332 770 1387 docerent
801 1333 872 1387 Geli.
885 1333 903 1388 l.
917 1349 941 1387 c.
961 1333 1015 1386 ‘ius
1037 1333 1151 1402 publice

199 1400 361 1454 docentium
381 1401 441 1454 ant
457 1399 705 1468 respondentium',
724 1401 766 1454 Fr.
812 1402 849 1459 at.
868 1406 923 1454 150.
941 1399 970 1455 1..
983 1405 1007 1453 6.
1025 1405 1048 1464 5.
1062 1406 1103 1454 12.
1116 1399 1151 1456 D.

199 1469 234 1522 de
259 1483 350 1521 exous.
374 1473 420 1533 27,
444 1473 467 1524 1.
491 1467 522 1520 L.
540 1473 562 1523 1.
586 1473 609 1533 5.
629 1474 652 1522 o.
671 1466 704 1521 D.
729 1469 764 1521 de
786 1467 925 1522 extraord.
944 1473 1086 1535 cogneo,
1108 1470 1151 1531 13)
1265 1504 1267 1521 .

200 1535 235 1588 ab
254 1549 287 1589 eo
300 1534 474 1603 potissimum
488 1534 644 1602 repetenda
656 1533 792 1600 videatur,
809 1535 877 1602 quid
887 1535 989 1588 mirum
1004 1536 1055 1601 est,
1074 1533 1152 1602 quod
1265 1540 1266 1605 l

199 1601 789 1733 ”attritustititdtdtt
801 1601 918 1736 litt?
941 1600 1205 1722 tutariet*

199 1687 335 1789 Eumenes
358 1735 455 1789 datum
477 1737 551 1789 esset
572 1736 689 1800 sentire,
714 1751 804 1803 aequo
826 1736 919 1788 animo
940 1735 1152 1804 poterat'ferre.

199 1803 272 1856 Nam
290 1803 412 1870 quotoun
434 1818 468 1856 ue
491 1802 559 1855 iuris
581 1804 709 1857 auctores
731 1803 832 1870 postea
852 1803 938 1856 etiam
956 1803 1153 1856 institutiones

200 1871 380 1940 scripserunt,
391 1820 469 1923 vdiut
481 1869 667 1935 Callistratus,
684 1867 848 1935 Martianus,
865 1868 1051 1934 Florentinus,
1069 1869 1153 1922 Paul-

201 1937 253 2003 lus,
271 1936 418 2007 Ulpianus,
434 1952 518 1992 nemo
536 1953 631 1991 eorum
650 1935 686 1990 ad
699 1935 869 1990 Gaianarum
886 1936 998 1990 laudem
1016 1936 1154 2005 aspiravit

199 2005 311 2069 locove,
333 2022 417 2073 quern
434 2006 463 2058 in
481 2005 580 2059 scholis
598 2004 793 2070 obtinuerunt,
817 2003 967 2058 deturbare
990 2021 1036 2058 eas
1053 2004 1153 2059 valuit.
1266 2067 1267 2070 Ἴ

199 2074 238 2127 nt
261 2072 347 2127 Gaius
368 2074 432 2140 post
449 2071 557 2140 aliquot
574 2072 685 2126 saecula
702 2072 846 2125 assecutus
863 2072 918 2138 cst,
942 2073 975 2126 ut
997 2071 1057 2125 eius
1077 2072 1154 2137 libri,
1266 2121 1267 2124 ,

199 2138 1155 2274 extensurunarbitrerisnesuumn
1266 2141 1267 2158 ψ

199 2274 229 2327 in
245 2273 355 2327 iudiciis
373 2246 569 2327 au'otoritatem
587 2273 755 2339 obtinerent,
773 2288 845 2340 quae
862 2272 1026 2341 Papiniano,
1044 2273 1154 2342 Paullo,

200 2338 321 2409 Ulpiano
343 2342 400 2392 iarn
424 2342 506 2393 antea
524 2340 715 2407 competierat.
751 2339 825 2393 Nam
849 2338 1063 2393 Valentinianus
1079 2340 1110 2393 L.
1128 2346 1153 2396 3.

200 2407 251 2463 Th.
271 2406 300 2463 C.
318 2405 352 2459 de
370 2422 443 2475 resp.
461 2406 540 2475 prud.
560 2410 594 2473 (l,
612 2409 642 2471 4)
662 2422 723 2459 oum
743 2407 796 2473 ait,
820 2421 849 2459 se
867 2407 1029 2475 Papiniani,
1051 2404 1152 2473 Paulli,

201 2473 272 2537 Gaii,
291 2473 403 2550 lllpiani
420 2475 503 2594 aQe
521 2471 673 2527 Modestini
691 2472 794 2550 scripta
811 2473 942 2528 universa
959 2473 1081 2550 firmare,
1100 2472 1154 2526 ‘ita

201 2542 233 2594 ut
251 2539 357 2606 Garum,
376 2557 447 2609 quae
488 2540 594 2594 aullum
613 2541 643 2593 ct
660 2539 809 2616 Ulpianum
827 2543 857 2595 et
873 2542 987 2595 ounotos
1005 2541 1155 2596 comitetur

200 2608 350 2663 auotoritas
366 2607 558 2677 lectionesque
577 2624 611 2661 ex
629 2623 705 2660 omui
727 2608 786 2661 eius
805 2622 889 2675 opere
907 2609 1080 2673 recitentur',
1097 2622 1154 2660 non

201 2676 316 2729 obscure
335 2674 484 2743 significat,
506 2675 645 2744 quaedam
664 2673 728 2729 Gaii
749 2675 855 2743 scripta
876 2676 934 2729 iam
955 2676 1023 2729 tnnc
1045 2688 1154 2728 summo

200 2743 292 2797 studio
315 2744 345 2795 ct
360 2742 521 2797 indubitata
538 2742 704 2796 auctoritate
727 2742 840 2795 recitari
862 2742 945 2796 solita
968 2758 1040 2807 esse,
1064 2756 1154 2809 eaque

200 2810 261 2878 quis
278 2809 390 2863 dubitat
406 2812 520 2878 praeter
540 2825 584 2863 res
608 2808 799 2877 quotidianas,
823 2825 895 2877 quae
917 2813 997 2863 tanto
1014 2809 1044 2863 in
1060 2808 1154 2877 pretio

199 2877 388 2941 habebantur,
412 2877 445 2930 ut
467 2892 614 2930 aureorum
636 2890 739 2929 nomen
762 2878 916 2943 mererent,
945 2876 1031 2931 fuisse
1061 2876 1156 2930 omnia

199 2943 383 2998 scholastica?
406 2943 483 3011 quod
505 2943 589 2997 etiam
607 2942 725 2997 Collatio
743 2942 895 3009 confirmat,
913 2944 1102 3021 pauimento,
1122 2943 1156 2998 ut

200 3011 323 3075 videtur,
352 3009 518 3079 composita,
546 3009 624 3063 ouius
651 3011 749 3063 auctor
777 3009 852 3063 inter
878 3027 1002 3079 qumque
1032 3010 1155 3064 illustres

199 3076 402 3131 iureconsultos
420 3077 505 3131 etiam
524 3075 586 3130 Gaii
604 3075 730 3145 seriptis,
753 3076 803 3131 sed
824 3078 921 3131 tamen
942 3079 1055 3131 tantum
1072 3078 1154 3131 Iusti-

199 3144 354 3198 tutionibus
373 3144 431 3198 eius
449 3160 514 3197 usus
532 3151 581 3197 est.

268 3209 324 3265 Sed
341 3211 370 3265 in
392 3211 434 3264 his
451 3211 527 3280 ipsis,
544 3226 614 3279 quas
631 3210 753 3275 edimus,
772 3211 805 3263 ut
820 3228 893 3265 nunc
911 3211 1007 3281 paullo
1024 3213 1156 3266 immore-

201 3407 213 3440 a
233 3406 290 3440 voce
310 3390 421 3452 magistra
440 3388 540 3438 studiosi
558 3387 707 3451 accipiebant
721 3384 806 3452 (ceteri
820 3388 883 3437 euim
901 3390 1004 3453 quinque
1019 3388 1073 3438 libri
1088 3395 1159 3438 erant

200 3462 285 3525 prima,
300 3461 412 3523 secunda,
428 3461 496 3509 tertia
511 3475 566 3524 pars
577 3459 657 3520 edicti,
672 3472 788 3521 respousa
798 3458 917 3521 Papiniani
929 3458 1052 3525 ctPaulli).
1081 3459 1159 3508 liaui-

201 3534 262 3581 losto
278 3547 358 3581 errore
373 3547 435 3582 nuuc
448 3532 555 3596 plerique
570 3544 610 3579 sex
624 3530 699 3580 libros
710 3530 762 3579 illos
773 3529 905 3593 intelligunt
915 3530 975 3579 dnos
985 3528 1159 3597 (etquattuor)

202 3602 254 3652 Gaii
270 3604 444 3653 institutionum
459 3609 482 3651 et
496 3608 606 3665 quattuor
619 3601 693 3651 libros
707 3601 848 3664 singulares.
