2550 4000
406 226 467 262 anu
487 227 587 266 tusam.
607 207 653 262 IV.
673 213 782 267 att-72.
1014 213 1076 277 371

110 370 237 444 ponitur,
261 385 315 442 quo
338 369 399 425 loco
422 368 485 442 plus
508 360 640 442 petendl¹
663 367 813 442 periculum
834 385 889 424 non
912 371 1076 440 interuenit;

109 455 206 528 utique
227 453 362 510 bonorum
383 461 507 527 emptore
526 461 639 528 agente,
665 455 711 526 qui
734 453 797 510 licet
817 453 850 508 ‹le
870 463 942 510 certa
964 459 1076 528 pecunia

109 548 186 613 agat,
203 539 299 594 incerti
314 547 403 594 tamen
420 537 672 596 condemnationem
688 539 815 612 concipit.

173 617 223 679 θθ.
248 621 313 690 Quia
331 631 418 679 tamen
433 624 558 696 superius
573 624 738 679 mentionem
754 623 895 680 habuimus
911 623 944 680 de
959 626 1075 699 actione,

109 724 162 781 qua
183 709 210 762 in
231 707 369 782 peculium
389 705 621 764 filiornmfamilias
637 723 836 782 seruorumque
856 703 984 783 'agitur,²
1005 725 1075 784 opus

108 801 161 864 est,
184 800 214 848 ut
233 792 267 848 de
286 793 339 850 leae
354 795 461 849 actione
476 801 504 848 et
523 791 556 848 de
572 794 680 865 ceteris,
704 809 772 866 quae
789 794 944 850 eorumdem
966 796 1075 852 nomine

107 879 135 934 in
154 886 283 952 parentes
304 877 466 934 dominosue
485 876 543 932 dari
556 873 671 951 solent,
694 877 850 951 diligentius
872 878 1073 935 admoneamus

106 957 156 1020 70.
175 963 203 1018 lo
219 964 313 1036 primis
329 964 419 1036 itaque
437 962 460 1017 si
477 963 552 1018 iussu
566 963 651 1036 patris
664 962 800 1019 dominius
814 964 954 1037 negotium
966 972 1074 1037 gestum

107 1049 169 1119 erit,
189 1047 350 1103 insolidum
371 1055 482 1121 praetor
497 1048 631 1103 actionem
648 1049 676 1102 in
698 1056 803 1120 patrem
818 1047 992 1103 ‹lominumue
1008 1063 1073 1104 con·

106 1134 225 1207 parauit:
249 1140 277 1188 et
300 1141 390 1203 recte,
413 1133 474 1206 quia
496 1133 542 1205 qui
561 1132 599 1186 ita
614 1133 756 1206 negotium
776 1133 858 1206 gerit,
882 1133 966 1206 magis
987 1133 1073 1205 patris

105 1218 243 1273 ‹lominiue
265 1233 345 1290 quam
368 1215 413 1273 lilii
434 1217 543 1272 seruiue
564 1214 644 1271 fidem
666 1217 802 1290 sequitur.
845 1212 887 1277 71.
910 1215 1008 1272 Eadem
1031 1233 1072 1272 ra·

107 1303 180 1358 tione
197 1296 200 1381 l
218 1303 386 1376 comparauit
401 1301 468 1357 duas
482 1300 546 1357 alias
563 1301 695 1371 actiones,
718 1301 904 1358 exercitoriam
919 1309 947 1356 et
961 1302 1071 1358 instito—
1082 1311 1142 1362 214.

104 1387 187 1442 riam:
212 1396 276 1443 tune
290 1395 380 1443 antem
397 1387 556 1442 exercitoria
577 1385 668 1443 locum
688 1385 784 1455 babet,
808 1402 870 1442 cum
891 1394 968 1460 pater
987 1385 1072 1443 domi·

104 1488 193 1528 nusue
209 1469 292 1528 filium
308 1486 454 1528 seruumue
470 1471 630 1544 magistrum
643 1472 705 1526 noui
720 1472 920 1545 praeposuerit,
936 1478 964 1527 et
975 1463 1073 1544 ’qnodl

35 1567 89 1620 rasel
106 1573 169 1613 cum
185 1573 218 1612 eo
232 1559 290 1612 eius
306 1558 346 1613 rei
360 1557 459 1631 gratia,
474 1557 517 1611 eui
532 1557 705 1636 pgaepositns
722 1554 783 1626 luit,
805 1555 947 1630 negotium
964 1564 1072 1630 gestum

104 1643 170 1711 erit3
194 1657 255 1697 cum
276 1643 348 1697 enim
369 1657 399 1696 ea
422 1656 532 1715 quoque
547 1657 592 1695 res
613 1656 646 1698 ex
668 1639 809 1696 uoluntate
829 1641 912 1714 patris
934 1640 1072 1696 dominiue

102 1726 227 1783 contrabi
243 1725 376 1798 uideatur,
392 1726 583 1799 aequissimum
599 1741 660 1781 esse
677 1725 764 1780 uisum
780 1732 830 1790 ost,
851 1726 879 1780 in
894 1723 1012 1780 solidum
1027 1717 1071 1802 (in

104 1802 202 1890 eam)⁴
222 1812 358 1867 actionem
379 1809 450 1866 dari:
470 1810 648 1881 quinetiam,
670 1807 734 1866 licet
749 1817 906 1865 extraneum
922 1802 1072 1882 ’quisque⁵

103 1898 263 1970 magistrum
279 1897 341 1951 naui
357 1895 556 1969 praeposuerit,
572 1894 631 1950 siue
644 1909 753 1950 seruum
766 1895 824 1950 siue
839 1893 963 1965 liberum,
980 1901 1070 1949 tamen

104 1998 134 2038 ea
156 1981 297 2055 praetoria
317 1981 387 2037 actio
407 1981 434 2036 in
455 1995 516 2036 eum
537 1978 675 2035 redditur:
703 1977 764 2035 ideo
791 1986 880 2035 autem
908 1979 1070 2037 exercitoria

104 2067 174 2122 actio
189 2065 352 2140 appellatur,
368 2066 430 2139 quia
447 2059 714 2121 exercitor‘uocatur
728 2065 766 2135 is,
788 2066 824 2120 ad
843 2080 920 2137 quem
944 2064 1068 2120 cottidia-

104 2168 161 2206 nus
177 2152 255 2206 nanis
280 2160 410 2225 quaestus
436 2150 570 2224 peruenit.
615 2149 749 2205 institoria
775 2165 842 2205 uero
869 2147 984 2205 lormnla
1011 2156 1068 2204 tum

81 2234 87 2241 “
103 2234 195 2291 locum
210 2234 299 2306 babet,
315 2251 376 2291 cum
393 2236 453 2309 quis
465 2232 592 2289 tabernae
604 2242 650 2289 aut
663 2232 773 2290 cuilibet
788 2234 968 2307 negotiationi
984 2230 1067 2289 filium

103 2336 250 2375 sernumne
266 2328 311 2375 aut
327 2319 475 2393 quemlibet
489 2325 657 2389 extraneum,
675 2318 733 2374 siue
749 2334 860 2375 seruum
872 2319 931 2373 siue
942 2316 1068 2390 liberum,

103 2405 301 2478 praeposuerit,
323 2413 351 2460 et
371 2403 435 2478 quitl
451 2420 513 2460 cuni
528 2419 561 2458 eo
580 2404 638 2459 eius
654 2404 691 2459 rei
714 2404 814 2475 gratia,
839 2403 882 2459 cui
897 2403 1068 2476 praepositus

103 2498 155 2558 est,
174 2498 343 2546 contractum
358 2489 457 2545 luerit:
480 2488 648 2543 ideo-autem
667 2488 802 2544 institoria
818 2487 984 2561 appellatur,
1007 2488 1069 2561 quia

103 2575 148 2647 qni
173 2572 299 2630 tabernae
320 2575 512 2649 praeponitur,
539 2574 651 2630 institor
678 2572 843 2647 appellatur:
867 2588 936 2647 quae
960 2574 1068 2646 etipsa

101 2658 218 2715 lormula
234 2660 261 2714 in
276 2658 393 2714 solitlum
409 2667 459 2714 est.
492 2652 537 2714 72.
553 2658 695 2714 Praeterea
711 2658 854 2713 tributaria
871 2673 980 2729 quoque
996 2658 1068 2712 actio

101 2744 128 2798 in
144 2751 249 2817 patrem
270 2742 443 2799 dominumue
458 2743 607 2798 constituta
623 2748 674 2812 est,
697 2758 758 2798 cum
776 2739 848 2797 filius
864 2734 1018 2796 seruusue⁶
1038 2743 1066 2796 in

175 2856 195 2925 ²)
207 2860 327 2911 correxi.
342 2859 433 2923 petenti
444 2858 470 2909 θ.
483 2858 541 2908 edd.
552 2873 645 2909 revera
654 2860 722 2908 enim
732 2860 759 2907 in
770 2858 981 2908 condemnatione
991 2865 1068 2908 actor

101 2947 152 2983 non
168 2933 251 2996 petit,·
271 2932 412 2981 sedetiam
430 2929 533 2980 verbam
552 2930 736 2994 perfamiliare
755 2931 780 2979 ei
800 2925 989 2979 ‘interuenire’
1010 2944 1066 2979 cam

100 3004 190 3053 dativo
200 3018 332 3067 personae
349 3002 431 3052 Gaiae
444 3002 492 3051 aia
502 3017 613 3066 anquam
622 3002 730 3051 dicerit.
796 2994 817 3066 ¹)
831 2999 877 3049 Ea
886 3000 971 3053 Instit.
983 3006 1067 3063 agatur

101 3074 126 3124 0.
142 3074 203 3125 edd.
268 3070 290 3141 ³)
304 3074 362 3139 qnid
373 3074 399 3124 0,
412 3073 479 3123 Inst.
494 3080 519 3123 et
532 3074 657 3137 quaedam
670 3072 728 3123 edd.
744 3072 869 3122 etiamad.
880 3072 930 3121 Kr.
941 3084 961 3123 a.
972 3079 1066 3136 postea

100 3142 259 3213 [negotium].
324 3141 347 3211 4)
360 3144 493 3209 Suppteai.
517 3145 618 3195 caecidit
632 3151 693 3208 post
711 3144 835 3193 sol-idum.
858 3200 860 3206 ,
901 3140 922 3209 ⁶)
937 3145 990 3209 quis
1005 3157 1065 3207 quas

104 3213 158 3271 Vn.
223 3214 246 3284 ⁶)
261 3216 306 3266 Eae
325 3214 371 3265 V⁸t
383 3223 502 3281 apparet,
516 3230 696 3265 amanuensem
710 3214 788 3265 verba
802 3216 951 3269 constituta.
968 3252 973 3263 .
989 3250 995 3265 .
1011 3227 1064 3263 ser·
1139 3217 1152 3235 ·“

99 3303 175 3338 unone
189 3291 256 3338 male
269 3290 412 3352 repetiisse.
434 3288 523 3337 Etiam
535 3289 590 3337 alia
604 3302 656 3337 nan
666 3302 756 3351 panea
770 3293 862 3351 aperta
875 3286 967 3336 menda
981 3287 1008 3334 in
1023 3284 1065 3333 bie

98 3361 138 3422 ἕξ.
153 3375 189 3410 em
202 3360 267 3410 Inet.
282 3360 378 3409 dudam
392 3366 513 3410 correcta
526 3366 594 3412 eant.
847 3358 849 3362 '

171 3462 197 3536 5.
213 3468 256 3517 69.
272 3489 305 3508 --
315 3482 360 3531 pr.
374 3465 395 3515 I.
410 3466 480 3532 qaod
494 3481 514 3517 a.
528 3481 558 3516 eo
573 3482 595 3530 q.
609 3466 637 3515 in
652 3466 739 3516 aliena
749 3481 777 3529 p.
793 3463 824 3529 (4,
840 3463 870 3530 t).
890 3459 1012 3527 superius]
1028 3461 1063 3523 as.

98 3538 418 3603 not.1ad5.60.p.attt.
474 3533 767 3607 5.70.=5.1.I.ib.
818 3531 843 3605 5
860 3535 902 3585 71.
919 3531 1063 3599 (ΜΗ.

97 3609 297 3675 ib.Paat.o,o.
352 3605 558 3679 §.72.=§.o.
576 3608 651 3660 ait,
668 3608 745 3674 ΟΜ.
762 3619 859 3735 now
