2550 4000
457 906 670 967 (toreumati
673 916 708 961 VS
719 914 890 968 SECVNDVS.)
1164 923 1227 972 [148]

145 1050 188 1099 55.
261 1045 284 1107 l.
313 1046 697 1120 Superiore.commeatarto
718 1049 754 1105 de
773 1050 837 1105 iure
852 1062 1048 1119 personarum
1070 1064 1154 1123 expo·

146 1127 188 1168 ⁸⁴·
200 1134 317 1195 suimus:
340 1132 421 1190 modo
437 1132 573 1190 uideamus
596 1131 739 1189 derebus:
763 1148 836 1206 quae
850 1131 895 1187 uei
908 1133 936 1187 in
949 1140 1046 1188 nostro
1067 1134 1153 1206 patri·

199 1219 290 1275 monio
306 1225 381 1289 sunt,
397 1216 440 1274 uel
456 1226 532 1273 extra
546 1225 669 1273 uestrum
684 1216 875 1290 patrimonium
890 1214 1031 1272 habentur.

264 1299 295 1359 2.
318 1301 426 1358 Summa
447 1303 539 1374 itaque
553 1300 763 1381 rerumldiuisio
785 1301 813 1355 in
835 1299 903 1355 duos
925 1298 1053 1357 articulus
1075 1300 1153 1357 didu-

70 1436 75 1445 .
123 1414 126 1419 ·
199 1386 285 1442 tritura
308 1401 370 1441 uam
392 1385 459 1440 aliae
481 1392 546 1441 sunt
567 1384 651 1440 diuini
673 1385 750 1454 iuris,
773 1383 839 1439 aliae
858 1384 977 1440 humani.
1012 1379 1042 1441 8.
1065 1383 1153 1440 Diumi

199 1470 266 1524 iuris
288 1476 354 1524 suut
375 1468 461 1523 ueluti
483 1483 526 1524 res
549 1482 640 1523 sacrae
663 1475 691 1523 et
712 1467 867 1541 religiosae.
903 1464 933 1523 4.
956 1466 1056 1524 Sacrae
1077 1479 1153 1538 suut,

201 1568 274 1626 qaue
304 1553 356 1621 Diis
385 1553 492 1624 superis
522 1558 693 1608 consecratae
722 1559 801 1617 sunt;
823 1552 980 1625 religiosae,
1004 1568 1071 1625 quae
1099 1552 1153 1607 Diis

198 1634 320 1692 Manibus
342 1635 451 1692 relictae
471 1644 545 1692 suut.
593 1632 622 1691 ὁ.
651 1634 704 1691 Sed
725 1651 830 1692 sacrum
853 1636 960 1709 quidem
989 1636 1042 1691 hoc
1063 1634 1153 1692 solum

198 1720 380 1789 existimatur,
403 1719 476 1793 qumi
498 1736 537 1777 ex
551 1720 711 1776 auctoritate
725 1718 819 1793 popuii
836 1719 947 1776 Romani
963 1727 1154 1776 consecratum

198 1812 251 1876 est,
263 1804 347 1860 ueluti
359 1804 420 1877 lege
432 1803 465 1860 de
476 1820 547 1873 aare
558 1804 611 1859 iata
623 1813 670 1859 aut
679 1811 789 1860 senatus
801 1802 1018 1863 consulmssem.
1050 1798 1080 1860 6.
1101 1802 1154 1861 Re·

197 1888 326 1962 ligiosum
340 1903 408 1943 uero
422 1896 517 1944 nostra
531 1886 673 1943 uoluntate
687 1888 799 1945 iacimus
814 1896 950 1944 mortuum
962 1886 1110 1945 inserentes
1124 1890 1155 1945 iu

198 1971 288 2029 lucum
303 1979 445 2044 nostrum,
462 1972 484 2028 si
505 1972 586 2029 moto
606 1974 664 2028 eius
680 1973 780 2029 mortui
795 1971 876 2029 funus
891 1974 928 2029 ad
940 1988 990 2029 nos
1011 1974 1155 2048 pertineat

197 2051 223 2113 7.
248 2056 295 2113 Set
310 2058 338 2112 iu
353 2056 511 2130 prouinciali
532 2056 593 2113 solo
613 2056 702 2130 piacet
723 2056 860 2130 plerisque
885 2057 974 2113 solum
993 2057 1154 2131 religiosum

197 2157 253 2198 auu
267 2139 335 2207 fieri,
358 2142 420 2215 quia
441 2143 469 2197 in
484 2157 517 2196 eo
532 2140 601 2197 'solu
624 2141 772 2197 dominium
793 2140 888 2215 pupuli
910 2138 1022 2198 Romani
1044 2149 1086 2197 est
1108 2141 1153 2196 uei

197 2224 335 2295 Caesaris,
355 2241 406 2281 uos
427 2235 516 2281 autem
536 2223 739 2298 possessiouem
760 2233 865 2280 tantum
887 2224 929 2280 uel
954 2224 1152 2281 usumfructum

198 2308 297 2366 habere
312 2309 450 2380 uidemur;
468 2310 560 2380 utique
576 2317 675 2379 tamen,
691 2310 795 2364 etiamsi
810 2324 865 2364 nou
880 2309 916 2363 sit
930 2308 1085 2383 religiosus,
1101 2326 1152 2383 pro

198 2393 327 2466 reiiyiuso
342 2391 471 2447 habetur:
492 2393 558 2447 item
579 2391 652 2465 quod
667 2393 695 2446 in
709 2393 859 2464 prouinciis
873 2408 929 2448 uon
944 2409 976 2448 ex
991 2395 1152 2449 auctoritate

196 2474 291 2549 populi
306 2475 417 2530 Romani
432 2482 620 2531 consecratum
641 2483 697 2544 est,
718 2477 826 2549 proprie
842 2492 946 2532 sacrum
962 2492 1017 2533 nou
1032 2477 1099 2546 'est‚
1121 2485 1151 2532 at
1163 2484 1224 2532 [14⁹]

197 2552 305 2617 tamen¹
330 2575 381 2633 pro
406 2575 483 2615 sacro
510 2557 631 2617 habetur.
674 2558 703 2619 8.
727 2559 840 2616 Sanctae
864 2575 973 2634 quoque
992 2577 1051 2631 res,
1075 2560 1152 2616 uelut

270 2726 290 2797 ¹)
304 2737 374 2779 esttm
388 2727 489 2779 Beuum.
513 2728 599 2779 Malui
612 2745 682 2778 nunc
695 2735 817 2785 statuere,
832 2729 859 2777 in
873 2729 914 2778 hir
928 2730 1040 2778 litteram
1053 2744 1065 2777 s
1075 2744 1151 2792 prou

196 2797 319 2866 scriptam
332 2803 372 2864 vet
387 2802 477 2851 tectam
490 2815 553 2850 erae.
584 2799 700 2850 Ceterum
715 2801 737 2848 in
752 2799 883 2862 prouinciis
897 2801 952 2849 noti
966 2815 1022 2850 eum
1037 2799 1150 2850 Momms.

195 2880 221 2921 et
240 2874 281 2924 ed.
298 2871 372 2921 Stud.
388 2886 440 2935 pro
457 2872 609 2936 qtoseemate
627 2871 723 2919 habere
741 2885 881 2933 novamque
899 2870 942 2919 tic
960 2872 983 2933 ς.
999 2873 1033 2921 τ’.
1043 2885 1150 2934 ponere.

196 2943 235 3006 Os.
250 2945 272 3005 §-
288 2954 308 2994 8.
324 2942 346 2992 I.
361 2943 392 2990 de
406 2957 460 2991 rer.
475 2943 526 2992 dtu.
542 2941 574 3007 (r,
588 2941 612 3007 1)
627 2941 712 3006 ibique
726 2939 867 2991 Schrader.

265 3096 291 3167 ξ.
308 3103 382 3150 1.=
391 3100 520 3162 pr.I.de
534 3115 587 3149 rer.
602 3101 678 3149 divis.
689 3097 721 3164 (a,
732 3096 763 3164 1).
814 3094 840 3167 ξ
855 3101 880 3149 2.
896 3099 1016 3149 3.=L.
1027 3112 1047 3150 t.
1058 3115 1103 3163 pr.
1118 3099 1151 3150 1).

194 3172 226 3220 de
240 3185 294 3220 rer.
308 3171 384 3219 divis.
399 3169 430 3235 (1,
442 3169 473 3234 8).
523 3165 555 3237 ξ
564 3174 589 3221 4.
610 3171 649 3233 Cf.
664 3172 687 3231 §-
703 3181 723 3220 t.
738 3169 760 3218 I.
776 3169 808 3218 de
822 3185 875 3219 rer.
889 3170 941 3237 div.
956 3167 987 3235 (2,
1003 3168 1034 3235 1).
1084 3167 1111 3239 ᾖ.
1126 3174 1150 3222 5.

196 3242 234 3305 Cf.
249 3243 272 3304 §-
287 3252 308 3293 8.
327 3241 350 3289 I.
365 3241 398 3290 ib.
417 3240 449 3289 L.
464 3252 531 3304 apr.
550 3242 589 3302 ἐξ.
604 3254 624 3291 1.
639 3253 660 3290 s.
679 3240 711 3288 I).
726 3240 781 3290 eod.
802 3238 885 3306 (με).
908 3240 941 3290 L.
960 3243 1005 3290 ult.
1025 3241 1057 3289 Ι).
1078 3249 1107 3290 ut
1124 3243 1152 3290 in

190 3327 261 3377 poss.
276 3313 325 3377 try.
341 3310 385 3375 (ts,
399 3310 431 3376 t).
453 3310 505 3361 Cic.
520 3311 552 3360 de
565 3311 671 3374 iaruep.
687 3325 754 3374 resp.
770 3322 791 3362 a.
806 3312 842 3360 ad
856 3311 935 3360 Attio.
949 3323 971 3369 4,
981 3323 1002 3362 t.
1013 3313 1036 3373 ξ.
1046 3322 1067 3363 ³.
1084 3312 1151 3362 Fest.

193 3400 216 3434 u.
238 3382 366 3433 Sacratae
387 3383 463 3447 teger.
483 3379 565 3430 Sacer
583 3397 654 3432 mona
670 3397 699 3444 p.
718 3392 765 3432 ³18.
838 3378 865 3449 ὅ.
886 3384 911 3432 6.
939 3381 977 3446 Cf.
999 3384 1023 3444 ᾖ.
1038 3394 1059 3433 s.
1078 3382 1101 3432 I.
1120 3383 1152 3432 de

194 3469 247 3505 rer.
262 3455 314 3504 div.
330 3450 361 3518 (2,
372 3451 402 3517 1).
456 3448 482 3521 ᾗ.
499 3453 522 3501 i.
544 3452 645 3516 Cs.1,t.
660 3464 681 3510 2,
691 3462 725 3503 rt.
734 3463 769 3503 ts.
791 3451 907 3502 Fronttn.
922 3452 954 3501 de
968 3459 1082 3503 contrua.
1094 3469 1151 3519 aar.

189 3541 219 3589 p.
234 3537 268 3577 ss.
284 3536 317 3576 sa.
333 3524 438 3573 Lartem.
463 3523 532 3572 Ptin.
548 3538 586 3586 ep.
602 3534 641 3578 m.
661 3534 687 3574 sa
707 3520 763 3588 (ss).
786 3522 916 3586 tieopltil.
933 3535 954 3584 s,
968 3536 988 3574 1.
1008 3525 1031 3585 5.
1045 3535 1080 3576 aa.

194 3593 220 3665 ξ.
235 3598 260 3648 8.
276 3594 356 3644 =L.
372 3608 438 3659 tpr.
453 3595 486 3644 D.
501 3594 533 3643 de
546 3609 599 3644 rer.
614 3595 665 3644 div.
682 3592 712 3660 (1,
728 3591 759 3660 8).
775 3595 798 3656 ἐ.
813 3593 955 3645 rateod.
971 3591 1003 3658 (2,
1018 3592 1048 3662 1).
