<?xml version="1.0" encoding="UTF-8"?>
<!DOCTYPE html PUBLIC "-//W3C//DTD XHTML 1.0 Transitional//EN"
    "http://www.w3.org/TR/xhtml1/DTD/xhtml1-transitional.dtd">
<html xmlns="http://www.w3.org/1999/xhtml" xml:lang="en" lang="en">
 <head>
  <title>
</title>
<meta http-equiv="Content-Type" content="text/html;charset=utf-8" />
  <meta name='ocr-system' content='tesseract 3.04.00' />
  <meta name='ocr-capabilities' content='ocr_page ocr_carea ocr_par ocr_line ocrx_word'/>
</head>
<body>
  <div class='ocr_page' id='page_1' title='image "./gaiiinstitution00kbgoog_0151.png"; bbox 0 0 2550 4000; ppageno 0'>
   <div class='ocr_carea' id='block_1_1' title="bbox 396 226 1070 294">
    <p class='ocr_par' dir='ltr' id='par_1_1' title="bbox 396 226 1070 294">
     <span class='ocr_line' id='line_1_1' title="bbox 396 226 1070 294; baseline 0.025 -16"><span class='ocrx_word' id='word_1_1' title='bbox 396 241 464 282; x_wconf 81' lang='lat' dir='ltr'><strong>onrr.</strong></span> <span class='ocrx_word' id='word_1_2' title='bbox 478 243 583 283; x_wconf 76' lang='lat' dir='ltr'><strong>rusum.</strong></span> <span class='ocrx_word' id='word_1_3' title='bbox 606 226 628 280; x_wconf 89' lang='grc' dir='ltr'><strong>Ι.</strong></span> <span class='ocrx_word' id='word_1_4' title='bbox 650 231 770 285; x_wconf 80' lang='grc'><strong>30-32·,</strong></span> <span class='ocrx_word' id='word_1_5' title='bbox 1010 229 1070 294; x_wconf 83' lang='grc'><strong>179</strong></span> 
     </span>
    </p>
   </div>
   <div class='ocr_carea' id='block_1_2' title="bbox 19 368 1100 2668">
    <p class='ocr_par' dir='ltr' id='par_1_2' title="bbox 19 368 1100 2668">
     <span class='ocr_line' id='line_1_2' title="bbox 96 368 1069 458; baseline 0.004 -18"><span class='ocrx_word' id='word_1_6' title='bbox 96 368 232 442; x_wconf 81' lang='lat' dir='ltr'><strong>Romanas</strong></span> <span class='ocrx_word' id='word_1_7' title='bbox 248 385 291 440; x_wconf 88' lang='lat' dir='ltr'><strong>uei</strong></span> <span class='ocrx_word' id='word_1_8' title='bbox 309 385 417 441; x_wconf 87' lang='lat' dir='ltr'><strong>Latinas</strong></span> <span class='ocrx_word' id='word_1_9' title='bbox 433 385 592 442; x_wconf 87' lang='lat' dir='ltr'><strong>coloniarias</strong></span> <span class='ocrx_word' id='word_1_10' title='bbox 607 385 652 441; x_wconf 89' lang='lat' dir='ltr'><strong>uei</strong></span> <span class='ocrx_word' id='word_1_11' title='bbox 663 385 784 442; x_wconf 89' lang='lat' dir='ltr'><strong>eiusdem</strong></span> <span class='ocrx_word' id='word_1_12' title='bbox 799 386 977 458; x_wconf 88' lang='lat' dir='ltr'><strong>condicionis,</strong></span> <span class='ocrx_word' id='word_1_13' title='bbox 992 389 1069 444; x_wconf 90' lang='lat' dir='ltr'><strong>euius</strong></span> 
     </span>
     <span class='ocr_line' id='line_1_3' title="bbox 96 469 1068 547; baseline 0.003 -22"><span class='ocrx_word' id='word_1_14' title='bbox 96 479 125 526; x_wconf 85' lang='lat' dir='ltr'><strong>et</strong></span> <span class='ocrx_word' id='word_1_15' title='bbox 146 471 199 544; x_wconf 91' lang='lat' dir='ltr'><strong>ipsi</strong></span> <span class='ocrx_word' id='word_1_16' title='bbox 215 478 317 539; x_wconf 78' lang='lat' dir='ltr'>essent,</span> <span class='ocrx_word' id='word_1_17' title='bbox 340 469 423 543; x_wconf 89' lang='lat' dir='ltr'><strong>idque</strong></span> <span class='ocrx_word' id='word_1_18' title='bbox 443 471 534 526; x_wconf 85' lang='lat' dir='ltr'><strong>testati</strong></span> <span class='ocrx_word' id='word_1_19' title='bbox 555 469 659 526; x_wconf 76' lang='lat' dir='ltr'><strong>suerint</strong></span> <span class='ocrx_word' id='word_1_20' title='bbox 674 470 799 528; x_wconf 79' lang='lat' dir='ltr'><strong>adhibitis</strong></span> <span class='ocrx_word' id='word_1_21' title='bbox 813 487 869 526; x_wconf 96' lang='lat' dir='ltr'><strong>non</strong></span> <span class='ocrx_word' id='word_1_22' title='bbox 883 473 973 528; x_wconf 87' lang='lat' dir='ltr'><strong>minus</strong></span> <span class='ocrx_word' id='word_1_23' title='bbox 988 489 1068 547; x_wconf 89' lang='lat' dir='ltr'><strong>quam</strong></span> 
     </span>
     <span class='ocr_line' id='line_1_4' title="bbox 96 553 1080 630; baseline 0.004 -22"><span class='ocrx_word' id='word_1_24' title='bbox 96 562 204 628; x_wconf 82' lang='lat' dir='ltr'>septem</span> <span class='ocrx_word' id='word_1_25' title='bbox 227 553 341 610; x_wconf 79' lang='lat' dir='ltr'><strong>testibus</strong></span> <span class='ocrx_word' id='word_1_26' title='bbox 357 553 461 610; x_wconf 91' lang='lat' dir='ltr'><strong>ciuibus</strong></span> <span class='ocrx_word' id='word_1_27' title='bbox 476 555 603 611; x_wconf 87' lang='lat' dir='ltr'><strong>Romanis</strong></span> <span class='ocrx_word' id='word_1_28' title='bbox 619 555 776 628; x_wconf 79' lang='lat' dir='ltr'><strong>puberibus,</strong></span> <span class='ocrx_word' id='word_1_29' title='bbox 799 564 827 611; x_wconf 92' lang='lat' dir='ltr'><strong>et</strong></span> <span class='ocrx_word' id='word_1_30' title='bbox 842 555 926 612; x_wconf 83' lang='lat' dir='ltr'><strong>filium</strong></span> <span class='ocrx_word' id='word_1_31' title='bbox 942 574 1080 630; x_wconf 42' lang='lat' dir='ltr'><strong>procrea,</strong></span> 
     </span>
     <span class='ocr_line' id='line_1_5' title="bbox 97 639 1069 714; baseline 0.004 -20"><span class='ocrx_word' id='word_1_32' title='bbox 97 641 198 709; x_wconf 83' lang='lat' dir='ltr'><strong>norint,</strong></span> <span class='ocrx_word' id='word_1_33' title='bbox 216 656 277 696; x_wconf 91' lang='lat' dir='ltr'><strong>cum</strong></span> <span class='ocrx_word' id='word_1_34' title='bbox 292 640 315 694; x_wconf 90' lang='lat' dir='ltr'><strong>is</strong></span> <span class='ocrx_word' id='word_1_35' title='bbox 331 639 404 694; x_wconf 85' lang='lat' dir='ltr'><strong>filius</strong></span> <span class='ocrx_word' id='word_1_36' title='bbox 419 639 562 695; x_wconf 87' lang='lat' dir='ltr'><strong>anniculus</strong></span> <span class='ocrx_word' id='word_1_37' title='bbox 575 655 636 696; x_wconf 87' lang='lat' dir='ltr'><strong>esse</strong></span> <span class='ocrx_word' id='word_1_38' title='bbox 649 642 779 714; x_wconf 87' lang='lat' dir='ltr'><strong>coeperit,</strong></span> <span class='ocrx_word' id='word_1_39' title='bbox 795 640 877 696; x_wconf 87' lang='lat' dir='ltr'><strong>datur</strong></span> <span class='ocrx_word' id='word_1_40' title='bbox 890 641 930 697; x_wconf 91' lang='lat' dir='ltr'><strong>eis</strong></span> <span class='ocrx_word' id='word_1_41' title='bbox 945 649 1069 714; x_wconf 82' lang='lat' dir='ltr'><strong>potestas</strong></span> 
     </span>
     <span class='ocr_line' id='line_1_6' title="bbox 97 723 1068 800; baseline 0.004 -22"><span class='ocrx_word' id='word_1_42' title='bbox 97 739 149 796; x_wconf 85' lang='lat' dir='ltr'><strong>per</strong></span> <span class='ocrx_word' id='word_1_43' title='bbox 164 739 222 780; x_wconf 91' lang='lat' dir='ltr'><strong>eam</strong></span> <span class='ocrx_word' id='word_1_44' title='bbox 237 723 341 798; x_wconf 79' lang='lat' dir='ltr'><strong>legem,</strong></span> <span class='ocrx_word' id='word_1_45' title='bbox 364 724 438 780; x_wconf 90' lang='lat' dir='ltr'><strong>adire</strong></span> <span class='ocrx_word' id='word_1_46' title='bbox 459 735 614 797; x_wconf 77' lang='lat' dir='ltr'><strong>praetorem</strong></span> <span class='ocrx_word' id='word_1_47' title='bbox 632 725 676 780; x_wconf 87' lang='lat' dir='ltr'><strong>uel</strong></span> <span class='ocrx_word' id='word_1_48' title='bbox 697 727 725 782; x_wconf 93' lang='lat' dir='ltr'><strong>in</strong></span> <span class='ocrx_word' id='word_1_49' title='bbox 745 726 897 798; x_wconf 89' lang='lat' dir='ltr'><strong>prouinciis</strong></span> <span class='ocrx_word' id='word_1_50' title='bbox 917 727 1068 800; x_wconf 77' lang='lat' dir='ltr'><strong>praesidem</strong></span> 
     </span>
     <span class='ocr_line' id='line_1_7' title="bbox 96 807 1068 883; baseline 0.005 -20"><span class='ocrx_word' id='word_1_51' title='bbox 96 810 257 882; x_wconf 90' lang='lat' dir='ltr'><strong>prouinciae</strong></span> <span class='ocrx_word' id='word_1_52' title='bbox 271 816 298 863; x_wconf 87' lang='lat' dir='ltr'><strong>et</strong></span> <span class='ocrx_word' id='word_1_53' title='bbox 310 807 470 882; x_wconf 89' lang='lat' dir='ltr'><strong>adprobare,</strong></span> <span class='ocrx_word' id='word_1_54' title='bbox 482 825 511 865; x_wconf 95' lang='lat' dir='ltr'><strong>se</strong></span> <span class='ocrx_word' id='word_1_55' title='bbox 523 825 555 864; x_wconf 85' lang='lat' dir='ltr'><strong>ex</strong></span> <span class='ocrx_word' id='word_1_56' title='bbox 570 810 633 883; x_wconf 77' lang='lat' dir='ltr'><strong>lege</strong></span> <span class='ocrx_word' id='word_1_57' title='bbox 645 809 719 865; x_wconf 82' lang='lat' dir='ltr'><strong>delia</strong></span> <span class='ocrx_word' id='word_1_58' title='bbox 730 809 823 866; x_wconf 87' lang='lat' dir='ltr'><strong>Sentia</strong></span> <span class='ocrx_word' id='word_1_59' title='bbox 835 825 947 866; x_wconf 84' lang='lat' dir='ltr'><strong>unorern</strong></span> <span class='ocrx_word' id='word_1_60' title='bbox 959 811 1068 868; x_wconf 84' lang='lat' dir='ltr'><strong>duxisse</strong></span> 
     </span>
     <span class='ocr_line' id='line_1_8' title="bbox 95 891 1068 968; baseline 0.003 -20"><span class='ocrx_word' id='word_1_61' title='bbox 95 902 126 949; x_wconf 90' lang='lat' dir='ltr'><strong>et</strong></span> <span class='ocrx_word' id='word_1_62' title='bbox 142 909 174 948; x_wconf 84' lang='lat' dir='ltr'><strong>en</strong></span> <span class='ocrx_word' id='word_1_63' title='bbox 189 909 220 948; x_wconf 91' lang='lat' dir='ltr'><strong>ea</strong></span> <span class='ocrx_word' id='word_1_64' title='bbox 241 891 325 949; x_wconf 84' lang='lat' dir='ltr'><strong>filium</strong></span> <span class='ocrx_word' id='word_1_65' title='bbox 341 893 496 948; x_wconf 80' lang='lat' dir='ltr'><strong>curriculum</strong></span> <span class='ocrx_word' id='word_1_66' title='bbox 512 893 625 950; x_wconf 91' lang='lat' dir='ltr'><strong>habere:</strong></span> <span class='ocrx_word' id='word_1_67' title='bbox 647 902 674 950; x_wconf 88' lang='lat' dir='ltr'><strong>et</strong></span> <span class='ocrx_word' id='word_1_68' title='bbox 695 896 718 949; x_wconf 94' lang='lat' dir='ltr'><strong>si</strong></span> <span class='ocrx_word' id='word_1_69' title='bbox 738 896 778 966; x_wconf 86' lang='lat' dir='ltr'><strong>is,</strong></span> <span class='ocrx_word' id='word_1_70' title='bbox 800 893 871 968; x_wconf 89' lang='lat' dir='ltr'><strong>apud</strong></span> <span class='ocrx_word' id='word_1_71' title='bbox 892 911 972 968; x_wconf 89' lang='lat' dir='ltr'><strong>quem</strong></span> <span class='ocrx_word' id='word_1_72' title='bbox 988 911 1068 952; x_wconf 90' lang='lat' dir='ltr'><strong>causa</strong></span> 
     </span>
     <span class='ocr_line' id='line_1_9' title="bbox 96 974 1067 1056; baseline 0.004 -24"><span class='ocrx_word' id='word_1_73' title='bbox 96 977 285 1056; x_wconf 37' lang='lat' dir='ltr'><strong>probatalesb</strong></span> <span class='ocrx_word' id='word_1_74' title='bbox 307 977 332 1033; x_wconf 89' lang='lat' dir='ltr'><strong>id</strong></span> <span class='ocrx_word' id='word_1_75' title='bbox 354 979 391 1033; x_wconf 93' lang='lat' dir='ltr'><strong>ita</strong></span> <span class='ocrx_word' id='word_1_76' title='bbox 412 993 472 1034; x_wconf 88' lang='lat' dir='ltr'><strong>esse</strong></span> <span class='ocrx_word' id='word_1_77' title='bbox 487 979 719 1052; x_wconf 68' lang='lat' dir='ltr'><strong>pronuntiaretis,</strong></span> <span class='ocrx_word' id='word_1_78' title='bbox 741 987 846 1035; x_wconf 88' lang='lat' dir='ltr'><strong>tuncet</strong></span> <span class='ocrx_word' id='word_1_79' title='bbox 860 981 920 1053; x_wconf 89' lang='lat' dir='ltr'><strong>ipse</strong></span> <span class='ocrx_word' id='word_1_80' title='bbox 935 974 1067 1036; x_wconf 83' lang='lat' dir='ltr'><strong>Latinus¹</strong></span> 
     </span>
     <span class='ocr_line' id='line_1_10' title="bbox 95 1061 1068 1138; baseline 0.005 -21"><span class='ocrx_word' id='word_1_81' title='bbox 95 1071 125 1118; x_wconf 94' lang='lat' dir='ltr'><strong>et</strong></span> <span class='ocrx_word' id='word_1_82' title='bbox 142 1064 293 1134; x_wconf 79' lang='lat' dir='ltr'><strong>moreius,</strong></span> <span class='ocrx_word' id='word_1_83' title='bbox 316 1063 338 1118; x_wconf 92' lang='lat' dir='ltr'><strong>si</strong></span> <span class='ocrx_word' id='word_1_84' title='bbox 359 1071 388 1118; x_wconf 90' lang='lat' dir='ltr'><strong>et</strong></span> <span class='ocrx_word' id='word_1_85' title='bbox 407 1064 465 1136; x_wconf 91' lang='lat' dir='ltr'><strong>ipsa</strong></span> <span class='ocrx_word' id='word_1_86' title='bbox 481 1063 603 1120; x_wconf 86' lang='lat' dir='ltr'><strong>eiusdem</strong></span> <span class='ocrx_word' id='word_1_87' title='bbox 618 1061 869 1138; x_wconf 63' lang='lat' dir='ltr'><strong>(condicionum,</strong></span> <span class='ocrx_word' id='word_1_88' title='bbox 892 1073 919 1121; x_wconf 83' lang='lat' dir='ltr'><strong>et</strong></span> <span class='ocrx_word' id='word_1_89' title='bbox 939 1066 1068 1136; x_wconf 84' lang='lat' dir='ltr'><strong>ipsorum</strong></span> 
     </span>
     <span class='ocr_line' id='line_1_11' title="bbox 93 1142 1067 1224; baseline 0.003 -21"><span class='ocrx_word' id='word_1_90' title='bbox 93 1149 183 1218; x_wconf 82' lang='lat' dir='ltr'><strong>filius,</strong></span> <span class='ocrx_word' id='word_1_91' title='bbox 205 1151 232 1202; x_wconf 83' lang='lat' dir='ltr'><strong>si</strong></span> <span class='ocrx_word' id='word_1_92' title='bbox 253 1155 280 1203; x_wconf 84' lang='lat' dir='ltr'><strong>et</strong></span> <span class='ocrx_word' id='word_1_93' title='bbox 299 1151 362 1219; x_wconf 82' lang='lat' dir='ltr'><strong>ipse</strong></span> <span class='ocrx_word' id='word_1_94' title='bbox 383 1142 523 1224; x_wconf 79' lang='lat' dir='ltr'><strong>eiusdem)</strong></span> <span class='ocrx_word' id='word_1_95' title='bbox 538 1148 706 1204; x_wconf 88' lang='lat' dir='ltr'><strong>condicionis</strong></span> <span class='ocrx_word' id='word_1_96' title='bbox 720 1150 764 1218; x_wconf 84' lang='lat' dir='ltr'><strong>sit,</strong></span> <span class='ocrx_word' id='word_1_97' title='bbox 787 1149 862 1206; x_wconf 88' lang='lat' dir='ltr'><strong>ciues</strong></span> <span class='ocrx_word' id='word_1_98' title='bbox 878 1147 991 1206; x_wconf 83' lang='lat' dir='ltr'><strong>Romani</strong></span> <span class='ocrx_word' id='word_1_99' title='bbox 1006 1166 1067 1206; x_wconf 91' lang='lat' dir='ltr'><strong>esse</strong></span> 
     </span>
     <span class='ocr_line' id='line_1_12' title="bbox 94 1227 1067 1314; baseline 0.002 -28"><span class='ocrx_word' id='word_1_100' title='bbox 94 1230 234 1290; x_wconf 87' lang='lat' dir='ltr'><strong>iubentur.</strong></span> <span class='ocrx_word' id='word_1_101' title='bbox 273 1227 408 1314; x_wconf 49' lang='lat' dir='ltr'><strong>8⁰3ideo</strong></span> <span class='ocrx_word' id='word_1_102' title='bbox 435 1241 525 1290; x_wconf 91' lang='lat' dir='ltr'><strong>autem</strong></span> <span class='ocrx_word' id='word_1_103' title='bbox 546 1231 582 1287; x_wconf 90' lang='lat' dir='ltr'><strong>&#39;in</strong></span> <span class='ocrx_word' id='word_1_104' title='bbox 610 1233 738 1306; x_wconf 86' lang='lat' dir='ltr'><strong>ipsorum</strong></span> <span class='ocrx_word' id='word_1_105' title='bbox 760 1227 840 1305; x_wconf 77' lang='lat' dir='ltr'><strong>filio²</strong></span> <span class='ocrx_word' id='word_1_106' title='bbox 859 1233 1004 1290; x_wconf 90' lang='lat' dir='ltr'><strong>adiecimus</strong></span> <span class='ocrx_word' id='word_1_107' title='bbox 1032 1232 1067 1289; x_wconf 72' lang='lat' dir='ltr'><strong>‘si</strong></span> 
     </span>
     <span class='ocr_line' id='line_1_13' title="bbox 95 1316 1065 1390; baseline 0.004 -20"><span class='ocrx_word' id='word_1_108' title='bbox 95 1317 199 1390; x_wconf 86' lang='lat' dir='ltr'><strong>etipse</strong></span> <span class='ocrx_word' id='word_1_109' title='bbox 215 1316 336 1372; x_wconf 80' lang='lat' dir='ltr'><strong>eiusdem</strong></span> <span class='ocrx_word' id='word_1_110' title='bbox 351 1317 518 1374; x_wconf 88' lang='lat' dir='ltr'><strong>condicionis</strong></span> <span class='ocrx_word' id='word_1_111' title='bbox 533 1316 591 1387; x_wconf 87' lang='lat' dir='ltr'><strong>sit&#39;,</strong></span> <span class='ocrx_word' id='word_1_112' title='bbox 615 1320 684 1390; x_wconf 82' lang='lat' dir='ltr'><strong>quio</strong></span> <span class='ocrx_word' id='word_1_113' title='bbox 705 1319 728 1372; x_wconf 90' lang='lat' dir='ltr'><strong>si</strong></span> <span class='ocrx_word' id='word_1_114' title='bbox 744 1333 814 1373; x_wconf 83' lang='lat' dir='ltr'><strong>uxor</strong></span> <span class='ocrx_word' id='word_1_115' title='bbox 828 1316 916 1374; x_wconf 84' lang='lat' dir='ltr'><strong>Latini</strong></span> <span class='ocrx_word' id='word_1_116' title='bbox 930 1319 997 1374; x_wconf 85' lang='lat' dir='ltr'><strong>ciuis</strong></span> <span class='ocrx_word' id='word_1_117' title='bbox 1013 1317 1065 1374; x_wconf 86' lang='lat' dir='ltr'><strong>Ro·</strong></span> 
     </span>
     <span class='ocr_line' id='line_1_14' title="bbox 95 1402 1066 1477; baseline 0.005 -23"><span class='ocrx_word' id='word_1_118' title='bbox 95 1416 176 1456; x_wconf 90' lang='lat' dir='ltr'><strong>mana</strong></span> <span class='ocrx_word' id='word_1_119' title='bbox 193 1409 243 1471; x_wconf 87' lang='lat' dir='ltr'><strong>est,</strong></span> <span class='ocrx_word' id='word_1_120' title='bbox 261 1403 306 1474; x_wconf 88' lang='lat' dir='ltr'><strong>qui</strong></span> <span class='ocrx_word' id='word_1_121' title='bbox 322 1419 354 1456; x_wconf 80' lang='lat' dir='ltr'><strong>en</strong></span> <span class='ocrx_word' id='word_1_122' title='bbox 370 1417 401 1457; x_wconf 85' lang='lat' dir='ltr'><strong>aa</strong></span> <span class='ocrx_word' id='word_1_123' title='bbox 416 1404 544 1472; x_wconf 79' lang='lat' dir='ltr'><strong>nascitur,</strong></span> <span class='ocrx_word' id='word_1_124' title='bbox 568 1419 599 1458; x_wconf 86' lang='lat' dir='ltr'><strong>ex</strong></span> <span class='ocrx_word' id='word_1_125' title='bbox 615 1417 690 1458; x_wconf 93' lang='lat' dir='ltr'><strong>nouo</strong></span> <span class='ocrx_word' id='word_1_126' title='bbox 705 1402 969 1475; x_wconf 86' lang='lat' dir='ltr'><strong>senatusconsulto,</strong></span> <span class='ocrx_word' id='word_1_127' title='bbox 991 1403 1066 1477; x_wconf 89' lang='lat' dir='ltr'><strong>quod</strong></span> 
     </span>
     <span class='ocr_line' id='line_1_15' title="bbox 95 1485 1064 1556; baseline 0.007 -18"><span class='ocrx_word' id='word_1_128' title='bbox 95 1493 209 1541; x_wconf 90' lang='lat' dir='ltr'><strong>auctore</strong></span> <span class='ocrx_word' id='word_1_129' title='bbox 234 1486 298 1541; x_wconf 93' lang='lat' dir='ltr'><strong>diuo</strong></span> <span class='ocrx_word' id='word_1_130' title='bbox 321 1485 456 1542; x_wconf 90' lang='lat' dir='ltr'><strong>Hadriano</strong></span> <span class='ocrx_word' id='word_1_131' title='bbox 479 1487 580 1543; x_wconf 87' lang='lat' dir='ltr'><strong>iactum</strong></span> <span class='ocrx_word' id='word_1_132' title='bbox 603 1494 661 1556; x_wconf 87' lang='lat' dir='ltr'><strong>est,</strong></span> <span class='ocrx_word' id='word_1_133' title='bbox 685 1489 752 1543; x_wconf 86' lang='lat' dir='ltr'><strong>ciuis</strong></span> <span class='ocrx_word' id='word_1_134' title='bbox 773 1487 911 1544; x_wconf 83' lang='lat' dir='ltr'><strong>Romanus</strong></span> <span class='ocrx_word' id='word_1_135' title='bbox 933 1490 1064 1545; x_wconf 86' lang='lat' dir='ltr'><strong>nascitur.</strong></span> 
     </span>
     <span class='ocr_line' id='line_1_16' title="bbox 93 1564 1066 1644; baseline 0.005 -20"><span class='ocrx_word' id='word_1_136' title='bbox 93 1564 140 1627; x_wconf 80' lang='lat'><strong>81.</strong></span> <span class='ocrx_word' id='word_1_137' title='bbox 161 1568 220 1626; x_wconf 88' lang='lat' dir='ltr'><strong>Hoc</strong></span> <span class='ocrx_word' id='word_1_138' title='bbox 241 1578 330 1627; x_wconf 84' lang='lat' dir='ltr'><strong>tamen</strong></span> <span class='ocrx_word' id='word_1_139' title='bbox 351 1573 393 1626; x_wconf 91' lang='lat' dir='ltr'><strong>ius</strong></span> <span class='ocrx_word' id='word_1_140' title='bbox 408 1571 596 1644; x_wconf 84' lang='lat' dir='ltr'><strong>adipiscendae</strong></span> <span class='ocrx_word' id='word_1_141' title='bbox 612 1572 728 1628; x_wconf 91' lang='lat' dir='ltr'><strong>ciuitatis</strong></span> <span class='ocrx_word' id='word_1_142' title='bbox 742 1572 877 1629; x_wconf 84' lang='lat' dir='ltr'><strong>Romanae</strong></span> <span class='ocrx_word' id='word_1_143' title='bbox 892 1574 998 1628; x_wconf 87' lang='lat' dir='ltr'><strong>etiamsi</strong></span> <span class='ocrx_word' id='word_1_144' title='bbox 1013 1574 1066 1629; x_wconf 72' lang='lat' dir='ltr'><strong>soit</strong></span> 
     </span>
     <span class='ocr_line' id='line_1_17' title="bbox 19 1655 1065 1730; baseline 0.01 -28"><span class='ocrx_word' id='word_1_145' title='bbox 19 1665 82 1713; x_wconf 87' lang='lat'><strong>[108]</strong></span> <span class='ocrx_word' id='word_1_146' title='bbox 94 1655 214 1710; x_wconf 90' lang='lat' dir='ltr'><strong>minores</strong></span> <span class='ocrx_word' id='word_1_147' title='bbox 236 1655 349 1728; x_wconf 79' lang='lat' dir='ltr'><strong>triginta</strong></span> <span class='ocrx_word' id='word_1_148' title='bbox 372 1671 504 1712; x_wconf 85' lang='lat' dir='ltr'><strong>annorum</strong></span> <span class='ocrx_word' id='word_1_149' title='bbox 523 1657 679 1712; x_wconf 88' lang='lat' dir='ltr'><strong>manumissi</strong></span> <span class='ocrx_word' id='word_1_150' title='bbox 702 1665 728 1712; x_wconf 87' lang='lat' dir='ltr'><strong>et</strong></span> <span class='ocrx_word' id='word_1_151' title='bbox 750 1655 839 1713; x_wconf 84' lang='lat' dir='ltr'><strong>Latini</strong></span> <span class='ocrx_word' id='word_1_152' title='bbox 861 1655 925 1713; x_wconf 84' lang='lat' dir='ltr'><strong>facti</strong></span> <span class='ocrx_word' id='word_1_153' title='bbox 947 1673 980 1712; x_wconf 82' lang='lat' dir='ltr'><strong>en</strong></span> <span class='ocrx_word' id='word_1_154' title='bbox 1002 1657 1065 1730; x_wconf 78' lang='lat' dir='ltr'><strong>iege</strong></span> 
     </span>
     <span class='ocr_line' id='line_1_18' title="bbox 94 1737 1064 1815; baseline 0.003 -22"><span class='ocrx_word' id='word_1_155' title='bbox 94 1738 169 1794; x_wconf 81' lang='lat' dir='ltr'><strong>Aelia</strong></span> <span class='ocrx_word' id='word_1_156' title='bbox 185 1737 278 1794; x_wconf 88' lang='lat' dir='ltr'><strong>Sentia</strong></span> <span class='ocrx_word' id='word_1_157' title='bbox 294 1739 458 1813; x_wconf 81' lang='lat' dir='ltr'><strong>habuerunt,</strong></span> <span class='ocrx_word' id='word_1_158' title='bbox 481 1750 570 1797; x_wconf 89' lang='lat' dir='ltr'><strong>tamen</strong></span> <span class='ocrx_word' id='word_1_159' title='bbox 591 1749 686 1815; x_wconf 88' lang='lat' dir='ltr'><strong>postea</strong></span> <span class='ocrx_word' id='word_1_160' title='bbox 703 1749 814 1797; x_wconf 86' lang='lat' dir='ltr'><strong>senatus</strong></span> <span class='ocrx_word' id='word_1_161' title='bbox 829 1741 969 1813; x_wconf 88' lang='lat' dir='ltr'><strong>consulto,</strong></span> <span class='ocrx_word' id='word_1_162' title='bbox 990 1741 1064 1815; x_wconf 92' lang='lat' dir='ltr'><strong>quod</strong></span> 
     </span>
     <span class='ocr_line' id='line_1_19' title="bbox 93 1822 1064 1900; baseline 0.003 -22"><span class='ocrx_word' id='word_1_163' title='bbox 93 1822 199 1897; x_wconf 82' lang='lat' dir='ltr'><strong>Pegaso</strong></span> <span class='ocrx_word' id='word_1_164' title='bbox 215 1834 243 1879; x_wconf 91' lang='lat' dir='ltr'><strong>et</strong></span> <span class='ocrx_word' id='word_1_165' title='bbox 254 1825 374 1881; x_wconf 89' lang='lat' dir='ltr'><strong>Pusione</strong></span> <span class='ocrx_word' id='word_1_166' title='bbox 389 1825 548 1882; x_wconf 90' lang='lat' dir='ltr'><strong>consulibus</strong></span> <span class='ocrx_word' id='word_1_167' title='bbox 563 1826 667 1882; x_wconf 86' lang='lat' dir='ltr'><strong>iactum</strong></span> <span class='ocrx_word' id='word_1_168' title='bbox 682 1835 734 1898; x_wconf 87' lang='lat' dir='ltr'><strong>est,</strong></span> <span class='ocrx_word' id='word_1_169' title='bbox 750 1835 778 1883; x_wconf 95' lang='lat' dir='ltr'><strong>et</strong></span> <span class='ocrx_word' id='word_1_170' title='bbox 791 1826 937 1882; x_wconf 91' lang='lat' dir='ltr'><strong>maioribus</strong></span> <span class='ocrx_word' id='word_1_171' title='bbox 953 1827 1064 1900; x_wconf 82' lang='lat' dir='ltr'><strong>triginta</strong></span> 
     </span>
     <span class='ocr_line' id='line_1_20' title="bbox 93 1907 1065 1973; baseline 0.007 -11"><span class='ocrx_word' id='word_1_172' title='bbox 93 1923 228 1964; x_wconf 86' lang='lat' dir='ltr'><strong>annorum</strong></span> <span class='ocrx_word' id='word_1_173' title='bbox 249 1911 421 1965; x_wconf 90' lang='lat' dir='ltr'><strong>manumissis</strong></span> <span class='ocrx_word' id='word_1_174' title='bbox 436 1909 537 1966; x_wconf 89' lang='lat' dir='ltr'><strong>Latinis</strong></span> <span class='ocrx_word' id='word_1_175' title='bbox 556 1910 633 1968; x_wconf 87' lang='lat' dir='ltr'><strong>iactis</strong></span> <span class='ocrx_word' id='word_1_176' title='bbox 656 1927 816 1968; x_wconf 83' lang='lat' dir='ltr'><strong>conoessum</strong></span> <span class='ocrx_word' id='word_1_177' title='bbox 836 1921 888 1970; x_wconf 88' lang='lat' dir='ltr'><strong>est.</strong></span> <span class='ocrx_word' id='word_1_178' title='bbox 922 1907 971 1973; x_wconf 76' lang='lat'><strong>82.</strong></span> <span class='ocrx_word' id='word_1_179' title='bbox 988 1912 1065 1970; x_wconf 85' lang='lat' dir='ltr'><strong>Gete·</strong></span> 
     </span>
     <span class='ocr_line' id='line_1_21' title="bbox 92 1994 1064 2070; baseline 0.006 -23"><span class='ocrx_word' id='word_1_180' title='bbox 92 2009 155 2048; x_wconf 90' lang='lat' dir='ltr'><strong>rum</strong></span> <span class='ocrx_word' id='word_1_181' title='bbox 171 1994 274 2050; x_wconf 89' lang='lat' dir='ltr'><strong>etiamsi</strong></span> <span class='ocrx_word' id='word_1_182' title='bbox 290 2003 352 2051; x_wconf 86' lang='lat' dir='ltr'><strong>ante</strong></span> <span class='ocrx_word' id='word_1_183' title='bbox 368 1994 516 2051; x_wconf 86' lang='lat' dir='ltr'><strong>decesserit</strong></span> <span class='ocrx_word' id='word_1_184' title='bbox 527 1994 648 2068; x_wconf 87' lang='lat' dir='ltr'><strong>Latinus,</strong></span> <span class='ocrx_word' id='word_1_185' title='bbox 664 2013 744 2070; x_wconf 88' lang='lat' dir='ltr'><strong>quam</strong></span> <span class='ocrx_word' id='word_1_186' title='bbox 759 1996 877 2053; x_wconf 85' lang='lat' dir='ltr'><strong>anniculi</strong></span> <span class='ocrx_word' id='word_1_187' title='bbox 893 1995 941 2054; x_wconf 86' lang='lat' dir='ltr'><strong>iiiii</strong></span> <span class='ocrx_word' id='word_1_188' title='bbox 956 2015 1064 2055; x_wconf 87' lang='lat' dir='ltr'><strong>oausam</strong></span> 
     </span>
     <span class='ocr_line' id='line_1_22' title="bbox 94 2076 1061 2159; baseline 0.007 -28"><span class='ocrx_word' id='word_1_189' title='bbox 94 2076 229 2153; x_wconf 88' lang='lat' dir='ltr'><strong>probarit,</strong></span> <span class='ocrx_word' id='word_1_190' title='bbox 245 2086 339 2152; x_wconf 88' lang='lat' dir='ltr'><strong>potest</strong></span> <span class='ocrx_word' id='word_1_191' title='bbox 350 2088 436 2135; x_wconf 85' lang='lat' dir='ltr'><strong>mater</strong></span> <span class='ocrx_word' id='word_1_192' title='bbox 447 2081 506 2135; x_wconf 92' lang='lat' dir='ltr'><strong>eius</strong></span> <span class='ocrx_word' id='word_1_193' title='bbox 518 2096 624 2136; x_wconf 90' lang='lat' dir='ltr'><strong>causam</strong></span> <span class='ocrx_word' id='word_1_194' title='bbox 640 2079 768 2155; x_wconf 85' lang='lat' dir='ltr'><strong>probaro,</strong></span> <span class='ocrx_word' id='word_1_195' title='bbox 784 2083 863 2137; x_wconf 89' lang='lat' dir='ltr'><strong>etsie</strong></span> <span class='ocrx_word' id='word_1_196' title='bbox 878 2090 906 2137; x_wconf 92' lang='lat' dir='ltr'><strong>et</strong></span> <span class='ocrx_word' id='word_1_197' title='bbox 921 2084 978 2156; x_wconf 91' lang='lat' dir='ltr'><strong>ipsa</strong></span> <span class='ocrx_word' id='word_1_198' title='bbox 994 2081 1041 2138; x_wconf 84' lang='lat' dir='ltr'><strong>fiet</strong></span> <span class='ocrx_word' id='word_1_199' title='bbox 1058 2076 1061 2159; x_wconf 64' lang='lat' dir='ltr'><strong>i</strong></span> 
     </span>
     <span class='ocr_line' id='line_1_23' title="bbox 93 2158 1100 2239; baseline 0.004 -20"><span class='ocrx_word' id='word_1_200' title='bbox 93 2163 163 2219; x_wconf 90' lang='lat' dir='ltr'><strong>ciuis</strong></span> <span class='ocrx_word' id='word_1_201' title='bbox 178 2161 306 2234; x_wconf 85' lang='lat' dir='ltr'><strong>Romana,</strong></span> <span class='ocrx_word' id='word_1_202' title='bbox 328 2166 351 2220; x_wconf 82' lang='lat' dir='ltr'><strong>si</strong></span> <span class='ocrx_word' id='word_1_203' title='bbox 368 2158 475 2220; x_wconf 81' lang='lat' dir='ltr'><strong>Latina³</strong></span> <span class='ocrx_word' id='word_1_204' title='bbox 495 2164 588 2236; x_wconf 82' lang='lat' dir='ltr'><strong>fuerit,</strong></span> <span class='ocrx_word' id='word_1_205' title='bbox 609 2175 636 2221; x_wconf 89' lang='lat' dir='ltr'><strong>et</strong></span> <span class='ocrx_word' id='word_1_206' title='bbox 659 2163 741 2235; x_wconf 85' lang='lat' dir='ltr'><strong>iilius,</strong></span> <span class='ocrx_word' id='word_1_207' title='bbox 762 2167 837 2221; x_wconf 90' lang='lat' dir='ltr'><strong>euius</strong></span> <span class='ocrx_word' id='word_1_208' title='bbox 854 2182 974 2223; x_wconf 83' lang='lat' dir='ltr'><strong>causum</strong></span> <span class='ocrx_word' id='word_1_209' title='bbox 993 2168 1100 2239; x_wconf 84' lang='lat' dir='ltr'><strong>pro-8·</strong></span> 
     </span>
     <span class='ocr_line' id='line_1_24' title="bbox 91 2238 1063 2324; baseline 0.007 -23"><span class='ocrx_word' id='word_1_210' title='bbox 91 2238 202 2324; x_wconf 57' lang='lat' dir='ltr'><strong>catria!</strong></span> <span class='ocrx_word' id='word_1_211' title='bbox 232 2250 394 2321; x_wconf 89' lang='lat' dir='ltr'><strong>permissum</strong></span> <span class='ocrx_word' id='word_1_212' title='bbox 414 2258 574 2320; x_wconf 82' lang='lat' dir='ltr'><strong>praetereo</strong></span> <span class='ocrx_word' id='word_1_213' title='bbox 590 2257 633 2306; x_wconf 84' lang='lat' dir='ltr'><strong>est</strong></span> <span class='ocrx_word' id='word_1_214' title='bbox 652 2253 713 2323; x_wconf 80' lang='lat' dir='ltr'><strong>filio</strong></span> <span class='ocrx_word' id='word_1_215' title='bbox 726 2250 831 2307; x_wconf 73' lang='lat' dir='ltr'><strong>lutino</strong></span> <span class='ocrx_word' id='word_1_216' title='bbox 846 2254 933 2307; x_wconf 81' lang='lat' dir='ltr'><strong>etiam</strong></span> <span class='ocrx_word' id='word_1_217' title='bbox 948 2254 1010 2322; x_wconf 83' lang='lat' dir='ltr'><strong>soli,</strong></span> <span class='ocrx_word' id='word_1_218' title='bbox 1032 2260 1063 2308; x_wconf 86' lang='lat' dir='ltr'><strong>ut</strong></span> 
     </span>
     <span class='ocr_line' id='line_1_25' title="bbox 91 2326 1062 2411; baseline 0.006 -24"><span class='ocrx_word' id='word_1_219' title='bbox 91 2335 167 2388; x_wconf 80' lang='lat' dir='ltr'><strong>ciuis</strong></span> <span class='ocrx_word' id='word_1_220' title='bbox 181 2332 333 2391; x_wconf 85' lang='lat' dir='ltr'><strong>Romanus</strong></span> <span class='ocrx_word' id='word_1_221' title='bbox 346 2326 414 2411; x_wconf 71' lang='lat' dir='ltr'><strong>filet,</strong></span> <span class='ocrx_word' id='word_1_222' title='bbox 436 2350 475 2393; x_wconf 80' lang='lat' dir='ltr'><strong>eu</strong></span> <span class='ocrx_word' id='word_1_223' title='bbox 490 2334 652 2406; x_wconf 79' lang='lat' dir='ltr'><strong>quibusdam</strong></span> <span class='ocrx_word' id='word_1_224' title='bbox 668 2331 766 2394; x_wconf 78' lang='lat' dir='ltr'><strong>caustis</strong></span> <span class='ocrx_word' id='word_1_225' title='bbox 783 2351 905 2392; x_wconf 81' lang='lat' dir='ltr'><strong>causum</strong></span> <span class='ocrx_word' id='word_1_226' title='bbox 920 2338 1062 2408; x_wconf 79' lang='lat' dir='ltr'><strong>probare,</strong></span> 
     </span>
     <span class='ocr_line' id='line_1_26' title="bbox 91 2413 1062 2495; baseline 0.006 -24"><span class='ocrx_word' id='word_1_227' title='bbox 91 2424 120 2471; x_wconf 80' lang='lat' dir='ltr'><strong>et</strong></span> <span class='ocrx_word' id='word_1_228' title='bbox 136 2434 304 2490; x_wconf 80' lang='lat' dir='ltr'><strong>quanquam</strong></span> <span class='ocrx_word' id='word_1_229' title='bbox 323 2413 328 2493; x_wconf 82' lang='grc' dir='ltr'>Ι</span> <span class='ocrx_word' id='word_1_230' title='bbox 347 2420 406 2491; x_wconf 90' lang='lat' dir='ltr'><strong>ipse</strong></span> <span class='ocrx_word' id='word_1_231' title='bbox 421 2416 493 2476; x_wconf 83' lang='lat' dir='ltr'><strong>filius</strong></span> <span class='ocrx_word' id='word_1_232' title='bbox 509 2420 577 2475; x_wconf 89' lang='lat' dir='ltr'><strong>ciuis</strong></span> <span class='ocrx_word' id='word_1_233' title='bbox 591 2420 728 2476; x_wconf 87' lang='lat' dir='ltr'><strong>Romanus</strong></span> <span class='ocrx_word' id='word_1_234' title='bbox 744 2423 789 2492; x_wconf 89' lang='lat' dir='ltr'><strong>sit,</strong></span> <span class='ocrx_word' id='word_1_235' title='bbox 811 2420 873 2495; x_wconf 89' lang='lat' dir='ltr'><strong>quia</strong></span> <span class='ocrx_word' id='word_1_236' title='bbox 889 2436 921 2476; x_wconf 80' lang='lat' dir='ltr'><strong>cx</strong></span> <span class='ocrx_word' id='word_1_237' title='bbox 936 2421 996 2477; x_wconf 89' lang='lat' dir='ltr'><strong>ciue</strong></span> <span class='ocrx_word' id='word_1_238' title='bbox 1010 2421 1062 2477; x_wconf 80' lang='lat' dir='ltr'><strong>lio-</strong></span> 
     </span>
     <span class='ocr_line' id='line_1_27' title="bbox 90 2504 1062 2580; baseline 0.005 -24"><span class='ocrx_word' id='word_1_239' title='bbox 90 2518 171 2557; x_wconf 89' lang='lat' dir='ltr'><strong>mana</strong></span> <span class='ocrx_word' id='word_1_240' title='bbox 187 2511 273 2557; x_wconf 87' lang='lat' dir='ltr'><strong>matre</strong></span> <span class='ocrx_word' id='word_1_241' title='bbox 289 2512 368 2559; x_wconf 87' lang='lat' dir='ltr'><strong>natus</strong></span> <span class='ocrx_word' id='word_1_242' title='bbox 391 2511 442 2572; x_wconf 85' lang='lat' dir='ltr'><strong>est,</strong></span> <span class='ocrx_word' id='word_1_243' title='bbox 467 2513 555 2560; x_wconf 87' lang='lat' dir='ltr'><strong>tamen</strong></span> <span class='ocrx_word' id='word_1_244' title='bbox 573 2504 653 2560; x_wconf 91' lang='lat' dir='ltr'><strong>debet</strong></span> <span class='ocrx_word' id='word_1_245' title='bbox 668 2522 775 2561; x_wconf 90' lang='lat' dir='ltr'><strong>causam</strong></span> <span class='ocrx_word' id='word_1_246' title='bbox 796 2505 924 2580; x_wconf 86' lang='lat' dir='ltr'><strong>probare,</strong></span> <span class='ocrx_word' id='word_1_247' title='bbox 945 2516 976 2563; x_wconf 94' lang='lat' dir='ltr'><strong>ut</strong></span> <span class='ocrx_word' id='word_1_248' title='bbox 995 2523 1062 2562; x_wconf 88' lang='lat' dir='ltr'><strong>suus</strong></span> 
     </span>
     <span class='ocr_line' id='line_1_28' title="bbox 90 2580 1061 2668; baseline 0.005 -27"><span class='ocrx_word' id='word_1_249' title='bbox 90 2586 173 2641; x_wconf 88' lang='lat' dir='ltr'><strong>heres</strong></span> <span class='ocrx_word' id='word_1_250' title='bbox 188 2589 259 2659; x_wconf 84' lang='lat' dir='ltr'><strong>patri</strong></span> <span class='ocrx_word' id='word_1_251' title='bbox 274 2585 329 2642; x_wconf 87' lang='lat' dir='ltr'><strong>fiat.</strong></span> <span class='ocrx_word' id='word_1_252' title='bbox 375 2583 437 2647; x_wconf 75' lang='lat'>³2⁸.</span> <span class='ocrx_word' id='word_1_253' title='bbox 454 2580 564 2668; x_wconf 83' lang='lat' dir='ltr'><strong>(Quae)</strong></span> <span class='ocrx_word' id='word_1_254' title='bbox 580 2606 647 2645; x_wconf 89' lang='lat' dir='ltr'><strong>uero</strong></span> <span class='ocrx_word' id='word_1_255' title='bbox 662 2583 787 2667; x_wconf 59' lang='lat' dir='ltr'><strong>diluimus</strong></span> <span class='ocrx_word' id='word_1_256' title='bbox 803 2590 836 2645; x_wconf 90' lang='lat' dir='ltr'><strong>de</strong></span> <span class='ocrx_word' id='word_1_257' title='bbox 851 2588 908 2645; x_wconf 83' lang='lat' dir='ltr'><strong>iilio</strong></span> <span class='ocrx_word' id='word_1_258' title='bbox 924 2591 1061 2657; x_wconf 91' lang='lat' dir='ltr'><strong>anniculo,</strong></span> 
     </span>
    </p>
   </div>
   <div class='ocr_carea' id='block_1_3' title="bbox 88 2752 1112 3323">
    <p class='ocr_par' dir='ltr' id='par_1_3' title="bbox 88 2752 1112 3323">
     <span class='ocr_line' id='line_1_29' title="bbox 167 2752 1112 2823; baseline 0.004 -18"><span class='ocrx_word' id='word_1_259' title='bbox 167 2752 186 2820; x_wconf 84' lang='lat'><strong>¹)</strong></span> <span class='ocrx_word' id='word_1_260' title='bbox 206 2756 270 2806; x_wconf 84' lang='lat' dir='ltr'><strong>Post</strong></span> <span class='ocrx_word' id='word_1_261' title='bbox 288 2756 311 2807; x_wconf 80' lang='lat' dir='ltr'><strong>b.</strong></span> <span class='ocrx_word' id='word_1_262' title='bbox 330 2774 351 2807; x_wconf 89' lang='lat' dir='ltr'><strong>u.</strong></span> <span class='ocrx_word' id='word_1_263' title='bbox 366 2759 393 2805; x_wconf 86' lang='lat' dir='ltr'><strong>iu</strong></span> <span class='ocrx_word' id='word_1_264' title='bbox 414 2753 459 2806; x_wconf 76' lang='lat' dir='ltr'><strong>V¹t</strong></span> <span class='ocrx_word' id='word_1_265' title='bbox 476 2761 637 2809; x_wconf 80' lang='lat' dir='ltr'><strong>correctoris</strong></span> <span class='ocrx_word' id='word_1_266' title='bbox 651 2776 727 2809; x_wconf 76' lang='lat' dir='ltr'><strong>uranu</strong></span> <span class='ocrx_word' id='word_1_267' title='bbox 740 2776 823 2823; x_wconf 82' lang='lat' dir='ltr'><strong>cupra</strong></span> <span class='ocrx_word' id='word_1_268' title='bbox 837 2761 932 2809; x_wconf 81' lang='lat' dir='ltr'><strong>lineum</strong></span> <span class='ocrx_word' id='word_1_269' title='bbox 945 2761 1063 2810; x_wconf 82' lang='lat' dir='ltr'><strong>additum</strong></span> <span class='ocrx_word' id='word_1_270' title='bbox 1105 2760 1112 2774; x_wconf 70' lang='lat'>⁸</span> 
     </span>
     <span class='ocr_line' id='line_1_30' title="bbox 92 2823 1062 2896; baseline 0.006 -22"><span class='ocrx_word' id='word_1_271' title='bbox 92 2823 231 2895; x_wconf 85' lang='lat' dir='ltr'><strong>[iuni]anus</strong></span> <span class='ocrx_word' id='word_1_272' title='bbox 242 2829 358 2891; x_wconf 71' lang='lat' dir='ltr'><strong>insiprida</strong></span> <span class='ocrx_word' id='word_1_273' title='bbox 368 2832 451 2895; x_wconf 75' lang='lat' dir='ltr'><strong>mapis</strong></span> <span class='ocrx_word' id='word_1_274' title='bbox 459 2832 547 2893; x_wconf 74' lang='lat' dir='ltr'><strong>plossa</strong></span> <span class='ocrx_word' id='word_1_275' title='bbox 557 2846 632 2894; x_wconf 86' lang='lat' dir='ltr'><strong>quom</strong></span> <span class='ocrx_word' id='word_1_276' title='bbox 642 2834 773 2881; x_wconf 82' lang='lat' dir='ltr'><strong>correctio</strong></span> <span class='ocrx_word' id='word_1_277' title='bbox 782 2832 892 2880; x_wconf 82' lang='lat' dir='ltr'><strong>uidetur.</strong></span> <span class='ocrx_word' id='word_1_278' title='bbox 933 2827 954 2896; x_wconf 73' lang='lat'><strong>⁹)</strong></span> <span class='ocrx_word' id='word_1_279' title='bbox 970 2831 1062 2880; x_wconf 82' lang='lat' dir='ltr'><strong>Possis</strong></span> 
     </span>
     <span class='ocr_line' id='line_1_31' title="bbox 89 2898 1060 2968; baseline 0.004 -21"><span class='ocrx_word' id='word_1_280' title='bbox 89 2900 169 2949; x_wconf 84' lang='lat' dir='ltr'><strong>etiam</strong></span> <span class='ocrx_word' id='word_1_281' title='bbox 188 2900 273 2963; x_wconf 73' lang='lat' dir='ltr'><strong>tepere</strong></span> <span class='ocrx_word' id='word_1_282' title='bbox 292 2900 316 2949; x_wconf 92' lang='lat' dir='ltr'><strong>in</strong></span> <span class='ocrx_word' id='word_1_283' title='bbox 335 2914 438 2963; x_wconf 87' lang='lat' dir='ltr'><strong>persona</strong></span> <span class='ocrx_word' id='word_1_284' title='bbox 458 2900 499 2949; x_wconf 87' lang='lat' dir='ltr'><strong>filii</strong></span> <span class='ocrx_word' id='word_1_285' title='bbox 520 2898 570 2966; x_wconf 85' lang='lat' dir='ltr'><strong>(sic</strong></span> <span class='ocrx_word' id='word_1_286' title='bbox 589 2903 627 2952; x_wconf 84' lang='lat' dir='ltr'><strong>ed.</strong></span> <span class='ocrx_word' id='word_1_287' title='bbox 648 2901 749 2968; x_wconf 84' lang='lat' dir='ltr'><strong>Peleu.)</strong></span> <span class='ocrx_word' id='word_1_288' title='bbox 767 2904 807 2951; x_wconf 86' lang='lat' dir='ltr'><strong>uel</strong></span> <span class='ocrx_word' id='word_1_289' title='bbox 825 2903 849 2950; x_wconf 92' lang='lat' dir='ltr'><strong>in</strong></span> <span class='ocrx_word' id='word_1_290' title='bbox 867 2903 939 2951; x_wconf 88' lang='lat' dir='ltr'><strong>buius</strong></span> <span class='ocrx_word' id='word_1_291' title='bbox 957 2917 1060 2966; x_wconf 86' lang='lat' dir='ltr'><strong>persona</strong></span> 
     </span>
     <span class='ocr_line' id='line_1_32' title="bbox 89 2966 1061 3036; baseline 0.006 -19"><span class='ocrx_word' id='word_1_292' title='bbox 89 2968 140 3032; x_wconf 82' lang='lat' dir='ltr'><strong>(sic</strong></span> <span class='ocrx_word' id='word_1_293' title='bbox 155 2970 194 3021; x_wconf 87' lang='lat' dir='ltr'><strong>ed.</strong></span> <span class='ocrx_word' id='word_1_294' title='bbox 208 2969 257 3018; x_wconf 90' lang='lat' dir='ltr'><strong>Kr.</strong></span> <span class='ocrx_word' id='word_1_295' title='bbox 274 2968 315 3035; x_wconf 77' lang='grc'>2,).</span> <span class='ocrx_word' id='word_1_296' title='bbox 382 2966 402 3035; x_wconf 77' lang='lat'><strong>⁰)</strong></span> <span class='ocrx_word' id='word_1_297' title='bbox 417 2970 520 3021; x_wconf 77' lang='lat' dir='ltr'><strong>Abbius</strong></span> <span class='ocrx_word' id='word_1_298' title='bbox 534 2972 603 3021; x_wconf 80' lang='lat' dir='ltr'><strong>bane</strong></span> <span class='ocrx_word' id='word_1_299' title='bbox 617 2974 640 3034; x_wconf 65' lang='grc' dir='ltr'><strong>ξ.</strong></span> <span class='ocrx_word' id='word_1_300' title='bbox 654 2989 732 3033; x_wconf 85' lang='lat' dir='ltr'><strong>uuue,</strong></span> <span class='ocrx_word' id='word_1_301' title='bbox 750 2974 857 3023; x_wconf 82' lang='lat' dir='ltr'><strong>reiectis</strong></span> <span class='ocrx_word' id='word_1_302' title='bbox 866 2973 1012 3036; x_wconf 81' lang='lat' dir='ltr'><strong>prioribus,</strong></span> <span class='ocrx_word' id='word_1_303' title='bbox 1026 2990 1061 3023; x_wconf 80' lang='lat' dir='ltr'><strong>eac</strong></span> 
     </span>
     <span class='ocr_line' id='line_1_33' title="bbox 88 3038 1061 3106; baseline 0.007 -18"><span class='ocrx_word' id='word_1_304' title='bbox 88 3039 181 3103; x_wconf 81' lang='lat' dir='ltr'><strong>Suppl.</strong></span> <span class='ocrx_word' id='word_1_305' title='bbox 196 3038 232 3091; x_wconf 82' lang='lat' dir='ltr'><strong>St.</strong></span> <span class='ocrx_word' id='word_1_306' title='bbox 243 3056 271 3103; x_wconf 88' lang='lat' dir='ltr'><strong>p.</strong></span> <span class='ocrx_word' id='word_1_307' title='bbox 290 3040 348 3089; x_wconf 90' lang='lat' dir='ltr'><strong>XX</strong></span> <span class='ocrx_word' id='word_1_308' title='bbox 361 3042 400 3093; x_wconf 88' lang='lat' dir='ltr'><strong>ed.</strong></span> <span class='ocrx_word' id='word_1_309' title='bbox 412 3054 432 3093; x_wconf 78' lang='lat' dir='ltr'><strong>s.</strong></span> <span class='ocrx_word' id='word_1_310' title='bbox 448 3043 540 3106; x_wconf 82' lang='lat' dir='ltr'><strong>refeci,</strong></span> <span class='ocrx_word' id='word_1_311' title='bbox 550 3046 651 3106; x_wconf 82' lang='lat' dir='ltr'><strong>purtim</strong></span> <span class='ocrx_word' id='word_1_312' title='bbox 664 3051 763 3094; x_wconf 81' lang='lat' dir='ltr'><strong>tautum</strong></span> <span class='ocrx_word' id='word_1_313' title='bbox 775 3047 917 3095; x_wconf 81' lang='lat' dir='ltr'><strong>sententiae</strong></span> <span class='ocrx_word' id='word_1_314' title='bbox 932 3047 959 3095; x_wconf 82' lang='lat' dir='ltr'><strong>in</strong></span> <span class='ocrx_word' id='word_1_315' title='bbox 974 3046 1061 3096; x_wconf 86' lang='lat' dir='ltr'><strong>eodem</strong></span> 
     </span>
     <span class='ocr_line' id='line_1_34' title="bbox 88 3113 1061 3180; baseline 0.008 -21"><span class='ocrx_word' id='word_1_316' title='bbox 88 3113 176 3174; x_wconf 83' lang='lat' dir='ltr'><strong>spatio</strong></span> <span class='ocrx_word' id='word_1_317' title='bbox 195 3113 384 3177; x_wconf 64' lang='lat' dir='ltr'><strong>significandae</strong></span> <span class='ocrx_word' id='word_1_318' title='bbox 401 3114 500 3179; x_wconf 74' lang='lat' dir='ltr'><strong>pratia.</strong></span> <span class='ocrx_word' id='word_1_319' title='bbox 528 3114 578 3163; x_wconf 83' lang='lat' dir='ltr'><strong>Kr&#39;.</strong></span> <span class='ocrx_word' id='word_1_320' title='bbox 598 3116 637 3164; x_wconf 84' lang='lat' dir='ltr'><strong>ed.</strong></span> <span class='ocrx_word' id='word_1_321' title='bbox 658 3127 671 3165; x_wconf 72' lang='lat' dir='ltr'><strong>a</strong></span> <span class='ocrx_word' id='word_1_322' title='bbox 689 3123 788 3166; x_wconf 81' lang='lat' dir='ltr'><strong>tautum</strong></span> <span class='ocrx_word' id='word_1_323' title='bbox 806 3116 881 3166; x_wconf 80' lang='lat' dir='ltr'><strong>babet</strong></span> <span class='ocrx_word' id='word_1_324' title='bbox 902 3118 981 3179; x_wconf 83' lang='lat' dir='ltr'><strong>suerit,</strong></span> <span class='ocrx_word' id='word_1_325' title='bbox 1004 3132 1061 3180; x_wconf 86' lang='lat' dir='ltr'><strong>per·</strong></span> 
     </span>
     <span class='ocr_line' id='line_1_35' title="bbox 88 3183 1061 3252; baseline 0.005 -22"><span class='ocrx_word' id='word_1_326' title='bbox 88 3184 200 3244; x_wconf 85' lang='lat' dir='ltr'><strong>missurn,</strong></span> <span class='ocrx_word' id='word_1_327' title='bbox 214 3184 356 3247; x_wconf 89' lang='lat' dir='ltr'><strong>quibusdam</strong></span> <span class='ocrx_word' id='word_1_328' title='bbox 366 3191 391 3232; x_wconf 82' lang='lat' dir='ltr'><strong>et</strong></span> <span class='ocrx_word' id='word_1_329' title='bbox 405 3185 457 3247; x_wconf 89' lang='lat' dir='ltr'><strong>ipse</strong></span> <span class='ocrx_word' id='word_1_330' title='bbox 473 3186 535 3234; x_wconf 85' lang='lat' dir='ltr'><strong>filius</strong></span> <span class='ocrx_word' id='word_1_331' title='bbox 546 3202 602 3235; x_wconf 86' lang='lat' dir='ltr'><strong>cum</strong></span> <span class='ocrx_word' id='word_1_332' title='bbox 611 3201 662 3251; x_wconf 81' lang='lat' dir='ltr'><strong>aeq.</strong></span> <span class='ocrx_word' id='word_1_333' title='bbox 700 3183 722 3252; x_wconf 81' lang='lat'><strong>⁴)</strong></span> <span class='ocrx_word' id='word_1_334' title='bbox 732 3187 765 3237; x_wconf 85' lang='lat' dir='ltr'><strong>Iu</strong></span> <span class='ocrx_word' id='word_1_335' title='bbox 777 3187 802 3238; x_wconf 83' lang='lat'><strong>0.</strong></span> <span class='ocrx_word' id='word_1_336' title='bbox 811 3189 914 3237; x_wconf 84' lang='lat' dir='ltr'><strong>videtur</strong></span> <span class='ocrx_word' id='word_1_337' title='bbox 921 3189 1007 3252; x_wconf 81' lang='lat' dir='ltr'><strong>fuisse</strong></span> <span class='ocrx_word' id='word_1_338' title='bbox 1017 3188 1061 3236; x_wconf 87' lang='lat' dir='ltr'><strong>iuit</strong></span> 
     </span>
     <span class='ocr_line' id='line_1_36' title="bbox 89 3250 1059 3323; baseline 0.004 -22"><span class='ocrx_word' id='word_1_339' title='bbox 89 3261 114 3301; x_wconf 88' lang='lat' dir='ltr'><strong>et</strong></span> <span class='ocrx_word' id='word_1_340' title='bbox 128 3254 193 3303; x_wconf 88' lang='lat' dir='ltr'><strong>filius</strong></span> <span class='ocrx_word' id='word_1_341' title='bbox 208 3255 247 3303; x_wconf 92' lang='lat' dir='ltr'><strong>cni</strong></span> <span class='ocrx_word' id='word_1_342' title='bbox 261 3269 358 3303; x_wconf 88' lang='lat' dir='ltr'><strong>eausam</strong></span> <span class='ocrx_word' id='word_1_343' title='bbox 370 3250 458 3321; x_wconf 74' lang='lat' dir='ltr'><strong>pharii.</strong></span> <span class='ocrx_word' id='word_1_344' title='bbox 485 3254 593 3306; x_wconf 84' lang='lat' dir='ltr'><strong>Scilicet</strong></span> <span class='ocrx_word' id='word_1_345' title='bbox 606 3260 684 3307; x_wconf 85' lang='lat' dir='ltr'><strong>etium</strong></span> <span class='ocrx_word' id='word_1_346' title='bbox 697 3260 765 3309; x_wconf 86' lang='lat' dir='ltr'><strong>aliea</strong></span> <span class='ocrx_word' id='word_1_347' title='bbox 775 3260 846 3321; x_wconf 84' lang='lat' dir='ltr'><strong>filios</strong></span> <span class='ocrx_word' id='word_1_348' title='bbox 859 3259 955 3309; x_wconf 84' lang='lat' dir='ltr'><strong>babere</strong></span> <span class='ocrx_word' id='word_1_349' title='bbox 964 3266 1059 3323; x_wconf 77' lang='lat' dir='ltr'><strong>potest,</strong></span> 
     </span>
    </p>
   </div>
   <div class='ocr_carea' id='block_1_4' title="bbox 87 3392 1059 3672">
    <p class='ocr_par' dir='ltr' id='par_1_4' title="bbox 87 3392 1059 3672">
     <span class='ocr_line' id='line_1_37' title="bbox 161 3392 1059 3467; baseline 0.002 -20"><span class='ocrx_word' id='word_1_350' title='bbox 161 3392 243 3464; x_wconf 80' lang='lat'>§.30.</span> <span class='ocrx_word' id='word_1_351' title='bbox 264 3396 454 3460; x_wconf 77' lang='lat' dir='ltr'><strong>Of.§§.oa.so.</strong></span> <span class='ocrx_word' id='word_1_352' title='bbox 478 3397 605 3461; x_wconf 68' lang='lat' dir='ltr'><strong>lupus.</strong></span> <span class='ocrx_word' id='word_1_353' title='bbox 679 3396 705 3467; x_wconf 64' lang='grc' dir='ltr'><strong>ξ.</strong></span> <span class='ocrx_word' id='word_1_354' title='bbox 720 3403 763 3451; x_wconf 83' lang='lat'><strong>31.</strong></span> <span class='ocrx_word' id='word_1_355' title='bbox 785 3401 824 3464; x_wconf 79' lang='lat' dir='ltr'><strong>Of.</strong></span> <span class='ocrx_word' id='word_1_356' title='bbox 848 3401 903 3465; x_wconf 78' lang='lat' dir='ltr'><strong>Utp.</strong></span> <span class='ocrx_word' id='word_1_357' title='bbox 922 3412 943 3457; x_wconf 82' lang='lat' dir='ltr'><strong>a,</strong></span> <span class='ocrx_word' id='word_1_358' title='bbox 961 3410 983 3447; x_wconf 76' lang='lat' dir='ltr'><strong>a.</strong></span> <span class='ocrx_word' id='word_1_359' title='bbox 1003 3398 1059 3458; x_wconf 75' lang='lat' dir='ltr'><strong>Peg.</strong></span> 
     </span>
     <span class='ocr_line' id='line_1_38' title="bbox 88 3465 1059 3537; baseline 0.002 -22"><span class='ocrx_word' id='word_1_360' title='bbox 88 3476 113 3515; x_wconf 88' lang='lat' dir='ltr'><strong>et</strong></span> <span class='ocrx_word' id='word_1_361' title='bbox 127 3465 194 3535; x_wconf 78' lang='lat' dir='ltr'><strong>Pus]</strong></span> <span class='ocrx_word' id='word_1_362' title='bbox 215 3468 249 3530; x_wconf 78' lang='lat' dir='ltr'><strong>cf.</strong></span> <span class='ocrx_word' id='word_1_363' title='bbox 265 3480 285 3525; x_wconf 78' lang='lat'><strong>2,</strong></span> <span class='ocrx_word' id='word_1_364' title='bbox 300 3478 347 3519; x_wconf 78' lang='lat'><strong>254.</strong></span> <span class='ocrx_word' id='word_1_365' title='bbox 377 3470 399 3530; x_wconf 66' lang='grc' dir='ltr'><strong>ἓ.</strong></span> <span class='ocrx_word' id='word_1_366' title='bbox 415 3479 437 3519; x_wconf 80' lang='lat'><strong>5.</strong></span> <span class='ocrx_word' id='word_1_367' title='bbox 466 3468 488 3518; x_wconf 88' lang='lat'><strong>1.</strong></span> <span class='ocrx_word' id='word_1_368' title='bbox 508 3471 540 3518; x_wconf 86' lang='lat' dir='ltr'><strong>de</strong></span> <span class='ocrx_word' id='word_1_369' title='bbox 560 3471 647 3533; x_wconf 76' lang='lat' dir='ltr'><strong>fideic.</strong></span> <span class='ocrx_word' id='word_1_370' title='bbox 666 3470 755 3520; x_wconf 78' lang='lat' dir='ltr'><strong>bereri.</strong></span> <span class='ocrx_word' id='word_1_371' title='bbox 775 3473 807 3535; x_wconf 77' lang='lat'><strong>(2,</strong></span> <span class='ocrx_word' id='word_1_372' title='bbox 827 3471 863 3537; x_wconf 73' lang='lat' dir='ltr'><strong>aa)</strong></span> <span class='ocrx_word' id='word_1_373' title='bbox 886 3468 1059 3532; x_wconf 75' lang='lat' dir='ltr'><strong>‘Vespasiani</strong></span> 
     </span>
     <span class='ocr_line' id='line_1_39' title="bbox 87 3536 1057 3603; baseline 0.005 -17"><span class='ocrx_word' id='word_1_374' title='bbox 87 3538 158 3603; x_wconf 64' lang='lat' dir='ltr'><strong>Aug.</strong></span> <span class='ocrx_word' id='word_1_375' title='bbox 174 3536 351 3601; x_wconf 84' lang='lat' dir='ltr'><strong>temporibus’.</strong></span> <span class='ocrx_word' id='word_1_376' title='bbox 415 3539 441 3603; x_wconf 59' lang='grc' dir='ltr'><strong>ᾖ.</strong></span> <span class='ocrx_word' id='word_1_377' title='bbox 458 3541 499 3591; x_wconf 82' lang='lat'><strong>32.</strong></span> <span class='ocrx_word' id='word_1_378' title='bbox 522 3541 561 3603; x_wconf 83' lang='lat' dir='ltr'><strong>Cf.</strong></span> <span class='ocrx_word' id='word_1_379' title='bbox 577 3541 752 3600; x_wconf 77' lang='lat' dir='ltr'><strong>Collat.1o‚a.</strong></span> <span class='ocrx_word' id='word_1_380' title='bbox 772 3544 810 3603; x_wconf 68' lang='lat' dir='ltr'><strong>§b-</strong></span> <span class='ocrx_word' id='word_1_381' title='bbox 825 3555 844 3592; x_wconf 81' lang='lat' dir='ltr'><strong>t.</strong></span> <span class='ocrx_word' id='word_1_382' title='bbox 861 3552 893 3592; x_wconf 79' lang='lat' dir='ltr'><strong>so.</strong></span> <span class='ocrx_word' id='word_1_383' title='bbox 914 3541 987 3602; x_wconf 80' lang='lat' dir='ltr'><strong>iufra</strong></span> <span class='ocrx_word' id='word_1_384' title='bbox 1001 3552 1022 3591; x_wconf 78' lang='lat' dir='ltr'><strong>a.</strong></span> <span class='ocrx_word' id='word_1_385' title='bbox 1036 3550 1057 3589; x_wconf 74' lang='lat'><strong>5,</strong></span> 
     </span>
     <span class='ocr_line' id='line_1_40' title="bbox 88 3609 423 3672; baseline -0.003 -12"><span class='ocrx_word' id='word_1_386' title='bbox 88 3611 112 3671; x_wconf 69' lang='lat'><strong>§-</strong></span> <span class='ocrx_word' id='word_1_387' title='bbox 128 3611 185 3661; x_wconf 74' lang='lat'><strong>32⁸.</strong></span> <span class='ocrx_word' id='word_1_388' title='bbox 207 3609 245 3672; x_wconf 78' lang='lat' dir='ltr'><strong>Cf.</strong></span> <span class='ocrx_word' id='word_1_389' title='bbox 261 3610 335 3672; x_wconf 83' lang='lat' dir='ltr'><strong>iufra</strong></span> <span class='ocrx_word' id='word_1_390' title='bbox 353 3622 374 3668; x_wconf 90' lang='lat'><strong>1,</strong></span> <span class='ocrx_word' id='word_1_391' title='bbox 389 3622 423 3662; x_wconf 80' lang='lat' dir='ltr'><strong>tit.</strong></span> 
     </span>
    </p>
   </div>
   <div class='ocr_carea' id='block_1_5' title="bbox 804 3694 855 3747">
    <p class='ocr_par' dir='ltr' id='par_1_5' title="bbox 804 3694 855 3747">
     <span class='ocr_line' id='line_1_41' title="bbox 804 3694 855 3747; baseline 0 0"><span class='ocrx_word' id='word_1_392' title='bbox 804 3694 855 3747; x_wconf 81' lang='lat'><strong>12·</strong></span> 
     </span>
    </p>
   </div>
   <div class='ocr_carea' id='block_1_6' title="bbox 0 0 1280 4000">
    <p class='ocr_par' dir='ltr' id='par_1_6' title="bbox 0 0 1280 4000">
     <span class='ocr_line' id='line_1_42' title="bbox 0 0 1280 4000; baseline 0 3"><span class='ocrx_word' id='word_1_393' title='bbox 0 0 1280 4000; x_wconf 95' lang='lat' dir='ltr'><strong> </strong></span> 
     </span>
    </p>
   </div>
  </div>
 </body>
</html>
