2550 4000
382 252 440 289 om
457 253 548 289 mene.
567 235 616 290 111.
635 240 784 290 oco-221.
993 235 1055 299 341

104 386 191 440 etium
205 382 324 456 placuit,
339 384 377 438 ita
391 382 498 439 demum
514 399 546 438 ex
566 384 619 440 ista
635 382 697 456 lege
712 384 845 440 actionem
860 398 936 458 esse,
959 375 982 438 si
997 384 1058 456 quis

104 483 221 540 corpore
235 483 286 522 suo
302 458 427 522 damnum
442 466 556 536 dederit,
572 461 717 542 ’ideoqoei
734 467 786 524 alio
796 466 877 524 modo
889 467 985 522 damno
995 467 1058 522 dato

106 550 190 607 utiles
208 552 330 608 actiones
354 551 469 621 dautur,
496 551 572 606 uelut
592 552 615 605 si
634 550 696 623 quis
719 551 834 606 alienum
856 551 992 606 homiuem
1012 557 1059 608 aut

105 635 237 709 pecudem
252 668 254 671 -
269 634 409 691 incluserit
434 642 463 689 et
485 634 562 706 fame
581 636 736 708 uocauerit,
762 643 809 690 aut
834 636 983 691 iumentum
1005 643 1059 691 tam

107 719 283 775 uehementer
294 719 390 792 egerit,
408 727 439 773 ut
453 727 640 792 rumperetur,
656 713 751 774 ’item²
765 721 789 774 si
804 718 864 791 quis
879 719 1058 774 alienoseruo

106 804 288 876 persuaserit,
309 803 381 857 utin
397 800 520 858 arborem
535 802 693 859 ascenderet
713 802 757 858 uel
778 804 806 858 in
821 810 932 874 puteum
947 801 1058 859 descen-

105 887 200 958 deret,
223 894 250 942 et
270 890 296 943 ic
309 885 477 941 ascendendo
492 893 540 941 aut
554 886 742 942 descendendo
763 885 898 942 'ceciderit
921 884 969 956 (ct)
992 877 1060 942 aut³

106 978 230 1026 mortuus
246 969 328 1027 luerit
342 979 389 1025 aut
403 969 493 1042 aliqua
506 978 583 1042 parte
597 972 721 1044 corporis
742 970 830 1025 laesus
851 971 897 1026 sit.
932 968 973 1024 ’ct
988 971 1059 1024 enim

106 1049 199 1112 uero⁴
217 1055 240 1109 si
261 1055 322 1127 quis
343 1053 458 1109 alienum
479 1069 589 1109 seruum
612 1054 646 1110 de
669 1062 751 1127 ponte
773 1059 820 1109 aut
838 1054 896 1126 ripa
916 1054 943 1108 in
959 1050 1059 1108 llumen

107 1138 251 1212 proiecerit
271 1147 298 1194 et
313 1139 336 1193 is
352 1137 499 1193 suffocatus
514 1137 617 1207 luerit,
632 1137 716 1194 ’lruno
732 1132 862 1210 quoquc¹
878 1152 994 1209 corpore
1008 1153 1060 1192 suo

105 1222 232 1277 damnum
248 1220 356 1276 dedisse
371 1236 420 1291 eo,
443 1220 516 1293 quod
531 1222 688 1294 proiecerit,
708 1237 763 1276 nou
779 1218 923 1276 difficiliter
938 1219 1060 1292 intellegi

105 1299 224 1379 potest.⁸

169 1383 242 1447 220.
271 1381 388 1444 ¹luiuria
413 1395 505 1444 autem
527 1388 706 1444 committitur
730 1403 786 1444 nou
808 1387 896 1443 solum
917 1403 978 1443 oum
1001 1388 1060 1460 quis

106 1489 201 1547 pugno
224 1479 291 1546 puta
313 1482 360 1528 aut
381 1471 453 1527 fuste
475 1487 620 1544 percussus
647 1471 691 1527 uel
713 1472 792 1527 etiam
814 1470 972 1527 uerberatus
996 1472 1059 1542 erit,

106 1556 154 1612 sed
177 1565 205 1613 et
219 1558 244 1612 si
258 1557 301 1613 cui
317 1557 468 1612 conuicium
484 1553 585 1610 iactum
600 1555 697 1627 luerit,
713 1557 770 1610 siue
786 1556 846 1628 quis
861 1555 931 1612 bona
947 1554 1059 1611 alieuius

107 1641 184 1713 quasi
205 1638 336 1695 debitoris
358 1632 443 1712 (sui)¹
464 1639 567 1704 sciens,
590 1655 652 1695 eum
674 1639 750 1694 'nihil
772 1638 822 1694 sibi
844 1631 974 1709 debere,⁹
997 1654 1059 1711 pro·

106 1725 257 1797 scripserit,
279 1725 338 1779 siue
353 1725 413 1795 quis
428 1723 461 1778 ad
476 1722 609 1777 infamiam
624 1722 735 1779 alicuius
751 1721 871 1778 libellum
893 1729 940 1777 aut
953 1737 1060 1777 carmen

27 1815 92 1864 [2⁶1]
107 1809 264 1882 scripserit,
279 1809 338 1863 siue
353 1808 413 1880 quis
428 1805 654 1862 matremfamilias
668 1814 714 1862 aut
729 1813 924 1880 praetextatum
940 1804 1059 1862 adsecta-

107 1901 150 1948 tus
166 1891 264 1965 iuerit,
286 1897 313 1947 et
328 1890 446 1964 denique
459 1889 518 1945 aliis
533 1889 656 1963 pluribus
671 1889 765 1948 modis.
808 1885 872 1950 221.
896 1889 953 1944 Pati
969 1894 1060 1945 autem

105 1977 231 2033 iniuriam
246 1974 369 2032 uidemur
383 1991 438 2031 uon
452 1974 542 2031 solum
556 1991 605 2049 per
620 1975 831 2049 nosmetipsos,
847 1973 896 2029 sed
911 1976 996 2031 etium
1011 1987 1060 2046 per

106 2059 207 2117 liberos
222 2068 344 2131 nostros,
360 2075 429 2132 quos
445 2075 472 2115 m
488 2066 624 2131 potestate
639 2058 777 2128 hahemus,
797 2052 801 2134 Ι
820 2060 884 2115 item
900 2074 949 2132 per
960 2072 1059 2114 uxores
1071 2064 1129 2114 186.

106 2152 226 2216 nostras,
237 2144 376 2217 ’quamuis
385 2145 413 2199 iu
423 2159 502 2199 mauu
513 2151 608 2198 nostra
617 2139 696 2217 (non)
710 2135 811 2205 sint;¹⁰
825 2144 914 2214 itaque
930 2143 953 2197 si
964 2140 1061 2197 'ueluti

105 2221 335 2301 fidaefamiliae¹¹
356 2242 446 2296 meae,
467 2217 622 2299 coactitio
639 2236 723 2300 nupta
738 2234 796 2297 est,
816 2226 939 2282 iniuriam
955 2224 1059 2296 leceris,

181 2418 201 2486 ¹)
216 2420 279 2471 Item
291 2420 431 2471 secundum
439 2420 503 2470 last.
518 2436 553 2470 ea:
565 2419 605 2470 ed.
619 2418 694 2469 Stud.
713 2420 771 2483 quia
785 2419 824 2468 ed.
835 2416 883 2484 139.
908 2418 965 2468 Atti
973 2418 1060 2468 aliter.

107 2487 130 2555 ²)
148 2490 195 2541 Sic
218 2492 242 2540 V
246 2488 273 2539 ⁸².
299 2488 366 2540 ‘aut’
387 2490 481 2557 (minua
498 2490 594 2557 aptum)
612 2506 648 2540 ear
666 2490 729 2539 last.
749 2489 806 2539 edd.
825 2492 1015 2554 suppleverunt.

107 2558 249 2628 ¹)cecideri
264 2569 305 2613 aut
319 2562 346 2611 0.
365 2562 481 2611 ceciderit
499 2564 533 2612 ita
551 2570 578 2610 ut
595 2563 635 2611 ed.
649 2560 697 2626 Bp.
776 2558 797 2625 ⁴)
813 2562 885 2624 itemp
902 2561 927 2611 θ.
947 2568 975 2610 ut
991 2576 1061 2611 nunc

102 2639 169 2696 puto
183 2647 236 2696 pro
258 2640 283 2681 at
302 2630 386 2697 cufim)
404 2631 492 2697 u(cro).
521 2632 561 2681 ed.
579 2644 600 2683 t.
618 2634 776 2694 scripseram
800 2627 901 2695 ‘quod’.
933 2632 977 2680 sed
994 2630 1058 2681 Inat.

106 2704 147 2753 ed.
161 2701 236 2752 Stud.
288 2699 309 2768 β)
323 2705 354 2766 qip
369 2703 407 2752 lric
427 2698 476 2750 11¹²
489 2710 514 2751 et
522 2709 614 2765 postea
628 2702 742 2751 dedisset.
794 2697 815 2766 ⁶)
829 2700 886 2750 Iam
899 2701 942 2750 dic
951 2699 997 2766 (ef.
1007 2708 1058 2751 not.

104 2772 172 2838 req.)
186 2775 306 2823 omissum
319 2788 374 2823 erae
388 2773 502 2831 videtur,
522 2773 591 2837 quod
609 2772 709 2821 addunt
722 2770 803 2819 Inst:
822 2771 923 2834 ideoque
942 2771 993 2833 ipsa
1008 2771 1059 2833 lege

105 2845 199 2908 Aquilia
214 2852 315 2893 tenetur.
381 2841 556 2909 ⁷)Eoecidr'rae
570 2842 672 2906 aliquid
687 2842 796 2899 videtur,
811 2842 854 2890 cui
867 2841 1005 2903 respondet
1014 2856 1059 2904 pr.

105 2915 129 2963 L
143 2915 169 2964 lt.
184 2923 202 2964 t.
217 2936 251 2958 ι-
267 2914 357 2964 Collot.
368 2926 389 2976 a,
398 2925 420 2973 o,
431 2927 450 2965 1.
498 2909 642 2979 ⁸)Addidi.
667 2912 807 2961 ,decidisse
821 2911 923 2961 uidetur
933 2911 964 2961 od
977 2912 1060 2961 simile

104 3000 215 3050 sequens
229 2985 330 3034 sci-ens.
389 2982 411 3051 9)
426 2985 472 3034 sibi
488 2984 575 3033 debere
590 2984 636 3033 sibi
656 2983 683 3031 V
683 2980 711 3041 ¹¹,
726 2989 754 3031 ut
767 2985 818 3031 iam
831 2989 966 3045 appareat,
980 2981 1060 3033 libra·

105 3058 176 3105 rium
189 3062 288 3105 tantum
302 3055 369 3104 idem
382 3054 484 3104 verbum
493 3070 544 3119 per
559 3070 676 3105 errorem
690 3053 729 3103 dir
742 3054 888 3117 acripraiose.
942 3050 974 3119 ¹⁰)
990 3052 1060 3103 Reti-

105 3128 192 3176 nenda
206 3133 245 3176 est
253 3126 318 3175 ltaee
328 3127 465 3185 eorrectio,
476 3141 506 3175 ne
518 3125 599 3175 Gaius
608 3127 636 3175 t'n
646 3140 683 3185 eo,
694 3125 763 3189 quod
770 3124 831 3175 ltine
839 3124 914 3188 aequi
923 3125 962 3175 cit
970 3121 1061 3191 (itaque

104 3195 166 3264 etc.)
181 3197 231 3247 etti
245 3197 298 3260 ipsi
311 3196 483 3246 contradicat.
507 3212 529 3245 c.
540 3211 591 3260 pro
606 3192 758 3262 q(uem)u(is)
775 3195 800 3245 0.
863 3191 895 3261 ¹¹)
910 3194 997 3246 Locus
1011 3197 1062 3244 iam

104 3275 167 3317 ante
180 3267 353 3318 Iustinicnum
367 3274 506 3330 corruptus
519 3268 596 3316 etiam
609 3284 627 3316 a
636 3283 673 3317 me
683 3267 756 3316 uarie
765 3272 884 3321 tentatus.
903 3267 988 3315 ueltiec
1000 3266 1062 3313 tiliae

107 3374 320 3385 ——-—-—--

178 3439 204 3512 §-
218 3446 278 3495 220.
307 3443 345 3507 Of.
359 3445 383 3506 §-
398 3456 419 3494 1.
438 3443 460 3492 I.
475 3444 507 3493 de
521 3444 628 3493 iniuriis
642 3441 678 3509 (4,
692 3441 724 3510 4).
750 3443 824 3492 Paul.
840 3452 861 3501 t,
875 3454 896 3492 4.
916 3444 954 3505 ἕξ.
970 3454 989 3494 1.
1004 3454 1024 3495 t.
1039 3453 1060 3492 4.

105 3526 134 3565 14
146 3528 199 3579 rep.
217 3510 324 3582 procer]
339 3515 373 3579 ef.
388 3526 409 3577 t,
424 3525 457 3565 ts.
471 3526 493 3572 4,
507 3526 554 3565 tos.
576 3514 628 3564 Cic.
639 3528 692 3578 pro
711 3512 795 3575 Quint.
811 3522 844 3565 15.
899 3510 925 3582 ξ.
941 3515 1001 3565 221.
1022 3512 1062 3577 Cf.

104 3587 166 3646 §.a
186 3584 208 3634 I.
225 3584 257 3634 it.
275 3584 494 3647 Proiecto.
