2550 4000
411 212 473 249 our
491 212 593 249 rusum.
612 196 647 249 Π.
659 202 770 253 32-37.
1008 200 1071 265 229

99 356 181 427 uelit,
203 353 373 429 pactionibus
390 364 417 411 et
435 353 656 429 stipulationibus
669 354 695 410 id
708 353 818 412 efficere
836 363 944 430 potest3
961 361 1024 431 quia
1036 375 1071 417 ne

98 444 161 517 ipsa
184 440 294 514 quidem
315 438 424 513 praedia
446 440 670 513 mancipationem
693 447 741 496 aut
759 434 816 517 (iu)
838 442 899 497 iure
919 445 1071 499 cessionem

99 524 258 599 'recipiunt
281 520 329 581 ³2.
341 516 405 580 Set¹
419 539 479 580 cum
493 523 668 580 ususfructus
684 534 712 581 et
727 523 866 581 hominum
877 535 905 582 et
915 536 1071 584 ceterorum

101 610 257 668 animalium
269 609 401 665 constitui
418 610 516 682 possit,
536 608 697 683 intellegere
710 608 851 683 debemus,
868 610 968 668 horum
979 628 1072 669 usum

100 696 224 753 fructum
245 695 325 751 etlam
344 694 372 749 in
392 692 615 767 prouinciisper
633 695 663 749 in
683 695 744 750 iure
763 696 914 751 cessionem
939 698 1072 755 constitui

99 796 195 855 posse.
216 774 265 850 38.
274 777 353 846 Quod
360 785 451 834 autem
465 778 590 849 diximus,
602 778 805 847 usumfructum
814 780 842 835 in
852 781 911 836 iure
921 784 1072 838 cessionem

100 873 210 921 tanturn
227 866 363 937 recipere,
385 878 441 918 non
461 872 505 919 est
525 873 627 919 temere
645 862 764 935 dictum,
785 866 907 937 mamam
925 867 1007 921 etlam
1023 882 1073 939 per

101 948 329 1023 mancipationem
349 948 481 1004 constitui
500 949 589 1022 possit
609 962 659 1019 eo,
681 948 756 1021 quod
774 948 803 1003 in
819 950 993 1025 mancipanda
1008 966 1072 1024 pre

100 1034 222 1108 prietate
235 1032 341 1089 detrahi
356 1039 464 1106 potest:
481 1048 537 1088 non
552 1032 624 1089 enim
635 1033 695 1106 ipse
705 1030 880 1089 ususfructus
891 1036 1072 1109 mancipatur,

100 1118 151 1175 sed
167 1134 228 1174 curn
243 1119 271 1173 iu
286 1116 461 1191 mancipanda
477 1118 646 1193 proprietate
661 1117 821 1189 deducatur,
843 1134 876 1174 eo
892 1118 938 1192 fit,
952 1126 984 1175 ut
1000 1121 1075 1194 apud

100 1202 187 1259 alium
201 1200 393 1273 ususfructus,
408 1204 482 1275 apud
495 1202 575 1258 afrum
590 1202 747 1276 proprietas
759 1196 823 1259 sit.²

168 1283 219 1344 84.
241 1286 383 1343 Hereditas
407 1292 515 1360 quoque
535 1288 564 1343 in
584 1288 643 1342 iure
664 1288 816 1343 cessionem
839 1291 947 1343 tantum
966 1289 1071 1362 recipit.

102 1368 151 1431 35.
172 1370 238 1427 llam
261 1372 285 1427 si
306 1372 346 1442 is,
369 1369 402 1425 ad
425 1386 505 1444 quem
528 1370 560 1427 ab
583 1372 713 1427 intestato
736 1369 860 1446 legitimo
878 1374 938 1428 iore
953 1374 1073 1446 pertinet

103 1456 253 1528 hereditas,
273 1456 301 1511 in
321 1456 381 1511 iore
402 1470 461 1511 eam
475 1455 523 1512 alis·
536 1464 599 1512 ante
615 1455 761 1512 aditionem
782 1456 868 1532 cedat,
891 1457 919 1513 id
940 1465 983 1515 est
998 1465 1073 1513 ante·

103 1556 186 1615 quam
201 1542 283 1597 heres
298 1540 429 1610 extiterit,
445 1541 561 1613 proinde
576 1538 607 1596 fit
621 1540 752 1611 heresis,
771 1542 816 1597 cui
830 1542 858 1597 in
874 1544 933 1598 iore
948 1544 1073 1614 cesserit,

102 1642 135 1682 ac
150 1627 174 1681 si
189 1627 247 1700 ipse
262 1640 312 1699 per
326 1624 416 1698 legem
432 1624 466 1679 ed
480 1625 660 1683 hereditatem
678 1633 796 1682 uocatus
815 1635 903 1683 esset:
923 1636 987 1702 post
1003 1625 1073 1682 obli-

102 1712 240 1785 gationem
256 1724 323 1765 uero
338 1710 362 1764 si
377 1711 501 1776 cesserit,
524 1710 699 1767 nihilominus
719 1711 782 1784 ipse
798 1701 806 1787 Ι
823 1711 903 1767 freres
918 1720 1070 1785 permanet,
1084 1712 1126 1762 53.

105 1803 135 1852 et
157 1794 192 1851 ob
215 1794 243 1851 id
264 1792 447 1851 creditoribus
469 1794 622 1866 terrebitur,
646 1793 736 1851 debita
750 1811 818 1851 nero
833 1804 961 1869 pereunt,
984 1810 1073 1869 eoque

103 1880 188 1935 modo
203 1879 340 1936 debitores
356 1878 513 1936 hereditarii
526 1878 634 1935 lucrum·
648 1879 763 1952 faciunt3
786 1896 903 1954 corpora
926 1897 992 1937 uero
1015 1881 1074 1937 eius

103 1962 264 2022 herethtatis
284 1961 397 2038 perinde
419 1970 561 2020 transeunt
576 1964 608 2021 ad
625 1980 696 2034 eum,
717 1966 760 2020 oui
775 1980 852 2022 cessa
866 1974 909 2022 est
926 1965 1072 2036 hereditas,

82 2117 88 2127 .
105 2051 173 2106 acsi
189 2051 214 2105 ei
229 2049 337 2124 singula
352 2050 380 2103 in
395 2049 454 2104 iure
470 2065 545 2105 cessa
560 2048 687 2106 fuissent.
721 2044 769 2105 ³6.
793 2049 967 2106 'festamento
983 2058 1074 2106 autem

105 2135 224 2208 scriptus
239 2135 319 2190 heres
334 2138 397 2188 ante
412 2132 513 2190 aditam
524 2133 632 2206 quidem
648 2133 828 2190 hereditatem
839 2135 867 2190 in
883 2136 942 2191 iure
952 2134 1074 2191 molendo

107 2235 164 2274 eam
181 2217 229 2274 alii
242 2218 309 2274 nihil
324 2219 396 2293 agit3
412 2225 508 2292 postea
525 2233 591 2274 nero
604 2233 684 2292 quam
700 2217 797 2274 adierit
811 2220 835 2274 si
850 2218 942 2290 cedat,
959 2234 991 2275 ea
1006 2220 1074 2275 aeci·

36 2313 91 2365 1155]
106 2303 184 2374 dunt,
202 2320 270 2376 quae
285 2303 408 2378 proxime
424 2303 539 2358 diximus
553 2303 587 2359 de
602 2319 652 2375 eo,
670 2303 702 2358 ad
719 2319 800 2377 quem
816 2302 848 2359 ab
862 2304 992 2360 intestato
1007 2304 1075 2375 tegi-

104 2391 172 2445 timo
195 2388 255 2444 iure
275 2390 396 2462 pertinet
417 2389 571 2460 hereditas,
594 2390 618 2444 si
639 2396 704 2463 post
727 2386 920 2462 obligationem
936 2382 996 2468 (in)
1014 2391 1074 2444 lure

105 2472 192 2531 cedat.
224 2467 270 2531 37.
292 2472 365 2529 ldem
384 2483 411 2529 et
434 2473 468 2530 de
490 2474 650 2530 necessariis
665 2471 811 2529 heredibus
826 2472 949 2530 diuersae
964 2473 1074 2531 scholae

106 2565 233 2614 auctores
249 2559 410 2630 existimant,
434 2557 507 2631 quod
524 2557 590 2613 nihil
605 2557 719 2613 uidetur
730 2559 881 2629 interesse,
899 2565 992 2615 utrum
1006 2551 1074 2636 (oli-

105 2635 183 2714 qua‘s)
193 2641 316 2698 adeundo
329 2642 508 2699 hereditatem
520 2639 567 2698 fiat
579 2642 659 2698 heres
671 2658 704 2698 an
715 2642 819 2698 inuitus
834 2635 950 2699 ’statim3
965 2644 1073 2698 existat.

181 2790 202 2859 1)
216 2795 343 2857 recipiunt'
359 2801 383 2842 et
399 2793 424 2842 0.
444 2794 572 2857 recipiunt.
601 2793 632 2842 Et
646 2794 686 2842 ed.
700 2792 749 2858 Bp.
830 2789 852 2857 ²)
865 2791 990 2857 Sequitur
1005 2794 1075 2842 lineo

106 2881 197 2915 vocuo.
272 2862 293 2931 3)
308 2872 394 2914 statem
408 2864 485 2914 babet
500 2865 526 2914 Ο.
542 2867 624 2929 paolo
643 2871 704 2914 onte
718 2865 787 2913 inter
802 2864 892 2913 htatem
908 2871 933 2914 et
950 2865 1005 2927 hat;
1024 2863 1075 2913 huc

106 2938 264 3001 moosposoi.

177 3075 203 3148 ᾖ.
219 3081 261 3130 33.
283 3078 320 3142 Of.
336 3080 358 3140 ξ.
374 3090 408 3130 eo.
434 3078 477 3130 Fr.
499 3078 557 3127 Vot.
572 3089 606 3130 cr.
622 3089 656 3130 5ο.
680 3077 712 3125 L.
728 3088 762 3129 se.
786 3077 818 3126 D.
838 3078 871 3127 de
890 3078 975 3140 esefr.
995 3075 1027 3143 (r,
1042 3074 1075 3143 1.)

107 3145 132 3218 ᾖ.
147 3152 190 3201 34.
212 3149 250 3214 Of.
270 3149 325 3214 Uip.
342 3162 376 3213 re,
391 3163 423 3200 11.
452 3148 526 3199 Sero.
545 3149 582 3198 od
599 3149 665 3198 Aen.
684 3160 768 3207 seor.
840 3144 925 3217 §.th
950 3149 988 3213 Cf.
1003 3161 1025 3213 3,
1039 3159 1074 3200 ss.

111 3220 166 3284 Ulp.
181 3233 216 3284 13,
230 3232 326 3273 124—14.
347 3221 379 3269 L.
395 3235 415 3271 1.
442 3219 467 3270 0.
483 3222 515 3270 de
529 3235 615 3270 revoc.
629 3219 671 3269 bis
685 3236 708 3284 q.
725 3221 751 3268 in
763 3219 857 3283 fraud.
872 3218 904 3285 (r,
918 3219 963 3282 55).
982 3218 1073 3269 Senec.

106 3292 139 3341 de
153 3291 235 3357 bernes.
251 3305 263 3344 6
285 3303 306 3344 5.
326 3293 349 3354 §r
364 3304 384 3343 e.
400 3287 514 3360 cesserit]
528 3293 582 3341 sive
597 3293 652 3355 ipse
665 3291 754 3350 fleres,
768 3292 822 3340 sice
837 3292 873 3350 is,
893 3293 968 3340 cuius
982 3292 1006 3339 is
1019 3290 1075 3338 ieri

102 3369 195 3427 posteo
213 3361 344 3413 subiectus
361 3369 412 3423 est,
432 3363 500 3412 velut
518 3365 543 3412 ei
555 3378 604 3412 suo
622 3363 698 3412 teres
713 3363 771 3425 filio
784 3363 812 3411 in
826 3377 928 3410 monem
942 3363 999 3410 efer
1012 3375 1075 3410 cort·

107 3437 206 3484 venerit
220 3433 252 3498 (3,
266 3433 312 3500 34).
346 3433 426 3484 Varr.
442 3435 510 3482 der.
526 3450 549 3483 r.
564 3445 585 3496 3,
601 3445 634 3484 re.
654 3435 677 3496 5.
691 3446 713 3484 2.
730 3433 775 3483 ubi
788 3432 922 3498 tepentem
938 3428 1027 3482 ‘cesso
1040 3432 1076 3480 mi

107 3502 271 3555 hereditate'.
346 3501 370 3573 ξ.
386 3507 428 3556 36.
446 3504 484 3568 Cf.
496 3517 516 3568 3,
531 3516 565 3556 86.
590 3503 645 3568 Uip.
661 3517 694 3568 19,
710 3516 792 3556 1t.1t.
814 3503 882 3551 Plio¹
894 3518 932 3566 ep.
948 3513 969 3566 5,
984 3516 1004 3553 1.
1019 3503 1043 3565 §-
1053 3513 1074 3553 3.

107 3573 133 3644 ξ.
148 3578 190 3628 tt.
213 3577 251 3640 Of.
266 3589 288 3640 e,
302 3587 336 3628 et.
352 3591 396 3626 suo
411 3572 478 3644 loco]
493 3577 515 3637 ξ.
532 3587 571 3627 152
584 3590 636 3639 sep.
