2550 4000
224 215 287 279 190
423 237 426 242 ·
533 230 594 266 oen
611 230 716 284 snsrpr.
734 211 755 265 Ι.
773 216 883 266 ott-73.

223 368 331 429 Sentia¹
348 382 432 447 nupta
447 373 496 441 sit3
518 373 569 428 nisi
590 370 664 445 quod
680 370 785 428 scilicet
806 372 852 443 qui
873 369 1061 426 dediticiorum
1076 385 1190 426 numero
1253 354 1254 431 3

224 467 276 528 est,
299 460 326 513 in
350 473 398 513 sun
420 457 581 514 condicione
603 465 755 530 permanet,
779 464 807 511 et
821 455 883 510 ideo
898 452 982 524 fliius,
1004 456 1128 527 quamuis
1143 453 1189 510 flat

223 544 289 599 ciuis
305 541 452 612 Romanus,
474 543 502 597 iu
524 549 688 614 potestatem
709 542 795 614 patris
810 555 866 595 non
881 539 1024 612 redigitur.
1060 533 1109 598 69.
1123 538 1189 594 item
1254 608 1255 615 ἵ

158 610 204 712 ,¹93
223 628 246 682 si
261 626 353 684 Latina
374 627 535 700 peregrino,
559 642 640 699 quem
661 624 787 680 Latinum
806 640 869 680 esse
890 619 1039 700 cocideret,
1058 620 1096 695 ’ie
1116 623 1188 696 lepe)
1254 630 1255 699 ζ

171 702 176 712 ’
202 703 298 768 'delia
319 704 430 767 Sentia²
451 712 591 783 nupserit,
612 718 705 783 potest
727 726 760 765 en
781 708 1022 765 senatusconsulto
1044 705 1102 764 titio
1124 717 1188 764 nato
1254 704 1255 723 ¹

223 812 332 852 causam
347 799 449 852 erroris
464 794 594 869 probare:
616 802 645 850 et
658 785 720 851 ι’ία3
734 810 831 849 omnes
846 791 915 848 finnt
929 795 1004 849 ciues
1018 793 1140 864 Romani,
1160 801 1188 848 et
1202 801 1248 856 {ns}

222 879 294 935 iiiios
317 882 344 935 io
365 888 501 954 potestate
521 880 605 953 patris
621 896 683 935 esse
703 879 806 952 incipit.
842 873 893 935 70.
915 875 1187 934 idem'coustitutom
1254 898 1255 917 ÷

223 972 265 1020 est
281 957 329 1020 et4
348 967 371 1019 si
386 963 498 1020 Latinus
512 980 563 1037 per
577 979 698 1020 errorem
715 963 888 1037 peregrinam
910 963 986 1036 quasi
1001 960 1122 1018 Latinam
1142 970 1189 1018 aut
1254 924 1255 997 7

222 1051 309 1105 ciuem
325 1048 471 1104 Romanam
487 1065 502 1104 e
517 1048 580 1122 lege
594 1048 669 1105 Aelia
681 1048 772 1104 Sentio
788 1063 900 1104 uxorem
916 1046 1032 1104 duxerit.
1053 1042 1096 1106 71,
1111 1047 1187 1102 Prae·

224 1143 296 1189 terea
312 1136 336 1190 si
350 1135 418 1189 ciuis
433 1133 579 1204 Romanus,
596 1135 643 1206 qui
658 1148 688 1188 se
700 1132 861 1188 credidisset
872 1130 997 1188 Latinum
1013 1132 1094 1202 'esse,
1110 1131 1145 1187 ob
1161 1129 1189 1185 id

221 1215 343 1274 Latinam
352 1226 487 1290 tamquam
493 1217 574 1273 modo
586 1233 601 1273 e
613 1210 1118 1291 legedeiiaSentiauxoremduxerit‚⁶
1128 1231 1188 1288 per·

222 1304 340 1359 mittitur
352 1304 379 1358 ei
390 1301 446 1359 filio
459 1310 523 1358 nato
534 1304 637 1359 erroris
644 1318 751 1358 causam
759 1301 891 1374 probare:
902 1303 968 1357 item
977 1301 1040 1372 ’iniq
1055 1303 1102 1374 qui
1113 1292 1188 1357 cum⁶

1254 524 1256 579 i

222 1388 295 1442 ciues
307 1387 420 1442 Romani
433 1396 536 1455 essent,
548 1389 711 1460 peregrinos
722 1403 752 1441 se
764 1403 826 1442 esse
837 1386 1018 1443 credidissent
1028 1394 1056 1441 et
1066 1386 1188 1459 peregri·

221 1488 271 1526 nes
287 1487 387 1526 uxores
403 1470 555 1540 duxissent,
571 1472 738 1544 permittitur
753 1487 786 1527 er
797 1470 1037 1527 senatusconsulto
1052 1469 1109 1526 filio
1123 1477 1188 1524 nato

221 1571 328 1610 oausam
344 1557 446 1611 erroris
461 1557 586 1628 probare.
617 1571 673 1628 quo
688 1556 761 1612 iacto
776 1553 823 1611 fiet
845 1572 914 1611 uxor
935 1557 1004 1612 cinis
1024 1555 1141 1610 Romana
1160 1562 1189 1609 et

221 1637 293 1694 filius
306 1639 429 1712 'qnoque
443 1633 692 1696 enea⁷nonsolum
703 1641 889 1697 odcinitatem
896 1639 1039 1697 Romanam
1051 1641 1188 1712 peruenit,

222 1725 269 1779 sed
284 1726 366 1782 etiam
381 1727 409 1780 in
424 1731 588 1798 potestatem
602 1726 689 1797 patris
708 1725 851 1798 redigitur.
887 1721 932 1783 72.
948 1723 1140 1797 Quaecumque
1153 1723 1188 1779 de

221 1807 277 1863 iiiio
293 1825 353 1864 esse
369 1809 495 1880 diximus,
511 1808 604 1865 eadem
619 1809 696 1864 etde
711 1807 765 1865 fiiia
780 1810 852 1865 dicta
865 1808 1068 1884 intellegemus.
1095 1803 1142 1866 73.
1155 1808 1188 1863 Et

222 1901 353 1964 quantum
369 1893 403 1948 ad
418 1895 519 1949 erroris
534 1910 642 1950 causam
664 1892 829 1967 probandam
845 1896 958 1967 attinet,
978 1893 1044 1950 nihii
1064 1894 1187 1965 interest,

296 2060 315 2129 l)
331 2080 352 2112 a.
368 2078 394 2113 se
413 2065 464 2126 iege
484 2079 505 2112 a.
521 2078 542 2115 s.
562 2060 613 2113 Vfli.
643 2071 670 2113 ot
683 2064 815 2113 secondum
829 2065 906 2127 legem
920 2064 1010 2114 deiiam
1024 2064 1131 2113 Sentium
1145 2064 1184 2114 cd.

222 2135 311 2185 Pelen.
342 2136 380 2198 Cf.
395 2143 539 2199 sequentem
558 2144 651 2185 notam.
714 2132 735 2201 ²)
748 2134 832 2186 Smne
850 2138 971 2201 exipente
989 2136 1090 2185 addidi.
1120 2136 1187 2186 Puto

220 2222 282 2257 vero
301 2208 415 2270 primum
438 2208 533 2255 litteris
557 2222 569 2254 e
592 2206 667 2272 ηομ)
686 2206 717 2257 ob
736 2210 838 2257 vicinas
861 2210 963 2257 litterae
982 2208 1105 2256 creden-et
1128 2210 1188 2257 olim

221 2280 329 2336 omissis,
345 2286 446 2327 ceteras
466 2293 487 2326 a.
502 2293 522 2328 s.
538 2278 575 2326 ad
591 2280 734 2342 marpinem
752 2280 894 2343 aliqnando
910 2278 945 2342 (d.
960 2295 982 2329 e.
998 2281 1025 2328 in
1039 2280 1187 2342 antiquiore

221 2350 319 2407 codice,
332 2348 485 2397 ‘Veronense'
494 2349 596 2411 priore,
611 2349 681 2412 quod
693 2350 785 2398 mirum
802 2350 888 2398 videri
900 2348 968 2415 Bpio
987 2350 1026 2399 ed.
1042 2361 1062 2402 5.
1078 2365 1129 2399 non
1143 2350 1187 2398 de-

220 2418 303 2483 bedat)
322 2422 454 2482 suppletas
472 2421 623 2481 peruenisse
643 2420 671 2468 in
686 2422 708 2481 §-
724 2432 771 2479 otn,
790 2420 835 2469 ndi
853 2437 923 2471 nunc
937 2438 959 2469 o.
975 2432 1009 2472 tto.
1033 2428 1093 2469 ante
1108 2435 1121 2468 e
1136 2421 1186 2482 lege

220 2488 246 2538 d.
262 2491 286 2539 S.
307 2492 333 2539 in
351 2490 376 2539 0.
392 2492 525 2554 tepenter,
545 2489 577 2539 ab
596 2491 653 2539 edd.
669 2499 740 2541 recte
758 2494 867 2542 omissae
883 2499 952 2544 sunt.
977 2493 1027 2541 oid.
1043 2491 1080 2541 iti
1097 2499 1150 2541 not.
1165 2504 1186 2542 t.

222 2557 297 2626 ³)‘et
311 2558 359 2610 ita'
380 2562 438 2611 edd.
452 2563 539 2625 prior.
554 2560 645 2625 Suppl.
660 2561 698 2611 St.
714 2564 814 2626 favent.
874 2562 896 2627 ⁴)
910 2563 957 2612 Ee
975 2558 1032 2622 W,
1048 2564 1101 2614 nter·
1117 2564 1188 2627 quod
1257 2607 1258 2618 ,

221 2639 245 2681 nt
255 2647 307 2695 pro
322 2639 346 2681 et
359 2634 484 2695 scriptum
495 2633 580 2696 fuisse
594 2635 676 2682 nisum
690 2643 735 2683 est.
805 2633 826 2698 ⁶)
846 2634 873 2683 V
871 2631 904 2693 ⁸2,
923 2635 971 2684 sed
983 2635 1073 2683 addito
1088 2640 1112 2681 et
1126 2641 1188 2698 post

220 2717 274 2751 esse
294 2711 319 2753 et
337 2702 422 2752 verbis
440 2704 464 2753 Ιι.
485 2707 501 2753 l.
521 2706 679 2754 necessariis
696 2713 818 2769 tamquam
833 2742 839 2754 .
854 2742 861 2754 .
878 2743 884 2754 .
899 2707 1023 2755 duxissent
1037 2704 1097 2770 (doc
1111 2705 1187 2768 sacto
1257 2769 1258 2774 ¹

219 2773 370 2841 conduxerit)
390 2778 416 2823 in
432 2776 485 2839 fine
504 2776 612 2839 periodi
626 2784 689 2839 post
706 2791 802 2825 causam
820 2777 924 2840 probare
943 2777 1122 2839 transpositis,
1143 2775 1188 2824 ubi
1257 2793 1258 2796 ¹

220 2847 330 2896 ulterius
344 2854 470 2910 corrupto
484 2849 550 2896 etin
564 2847 623 2896 edd.
634 2850 764 2911 leguntur.
789 2846 866 2897 Nunc
875 2846 914 2911 (in
924 2847 964 2897 ed.
974 2845 998 2912 5)
1013 2854 1097 2896 tamen
1110 2848 1187 2897 etiam

219 2919 242 2985 ff]
253 2958 287 2977 =
298 2936 368 2985 modo
378 2938 485 2998 retinui,
500 2936 569 3000 quod
579 2936 605 2985 0.
617 2934 694 2985 debet
702 2943 763 2999 post
772 2934 914 3001 tanq(oam),
925 2950 964 2994 eo,
974 2943 1003 2984 ut
1010 2942 1084 2999 puto,
1098 2951 1186 2993 sensu,

219 3015 246 3055 nt
260 3023 311 3056 non
326 3009 403 3070 quasi
416 3007 573 3056 naturaliter
586 3006 699 3056 Latinus
708 3007 831 3056 Latinam
844 3022 954 3057 umorem
968 3007 1083 3065 duceret,
1097 3008 1145 3056 aed
1158 3013 1187 3055 ut

219 3094 254 3127 ean
268 3081 323 3142 depe
338 3078 370 3126 A.
385 3077 412 3127 S.
428 3078 462 3141 (ἓ.
477 3076 514 3142 29)
530 3091 611 3127 cauae
625 3077 740 3141 probate
756 3080 902 3143 aliquando
921 3093 978 3127 eum
992 3094 1077 3127 uxore
1092 3086 1117 3128 et
1127 3080 1186 3141 filio

219 3151 347 3199 ciuitatem
362 3149 433 3199 Rom.
444 3155 653 3212 consequeretur.
677 3148 758 3200 tecue
770 3165 807 3199 sc.
824 3152 851 3198 in
865 3165 904 3209 eo,
918 3151 964 3213 qui
973 3151 1145 3214 pereprinnm
1157 3165 1186 3198 ae

218 3235 310 3270 errore
324 3221 439 3270 credidit
452 3235 514 3269 etse.
538 3219 588 3269 Kr.
603 3220 642 3268 ed.
658 3230 671 3269 t
690 3229 749 3270 ante
768 3222 875 3270 Latinam
894 3222 925 3269 ob
944 3220 969 3270 id
988 3222 1123 3270 delendum
1141 3236 1187 3270 eu·

218 3293 332 3355 spiceus,
343 3298 405 3354 post
418 3293 490 3339 illam
503 3307 526 3339 o.
541 3289 663 3356 (uxorem
677 3292 795 3358 duxerit)
805 3300 830 3340 et
840 3300 933 3356 postea
942 3299 1006 3357 post
1015 3299 1128 3356 tanquam
1139 3291 1185 3356 (ei)

218 3363 250 3411 de
265 3378 312 3412 ano
327 3362 409 3411 addit.
435 3360 492 3412 Non
502 3360 595 3425 probo.
656 3359 677 3421 θ)
693 3363 725 3412 In
744 3358 854 3413 West:
867 3364 891 3411 hi
906 3364 946 3427 qni
961 3364 996 3424 c’;
1011 3364 1053 3412 his
1065 3365 1111 3427 qni
1125 3366 1188 3413 licet

219 3433 276 3482 edd.
292 3434 342 3481 iiiia
357 3434 402 3495 qni
415 3447 470 3481 cum
484 3433 523 3482 ed.
539 3432 586 3498 Bp.
597 3443 617 3483 o.
671 3431 692 3499 ⁷)
706 3433 752 3484 Sic
766 3450 835 3484 nunc
844 3434 1001 3483 Btunmiana
1015 3436 1185 3499 interpretor.

290 3588 315 3658 ξ.
332 3594 373 3642 72.
401 3591 571 3655 Os.anpra§.
587 3597 635 3646 82⁸.
664 3594 791 3659 Ilipou-
856 3593 881 3663 ξ.
898 3598 939 3646 73.
961 3595 1185 3660 Οβειφναξλθ.
