2550 4000
405 248 463 285 can
479 249 572 285 rnsrrr.
591 231 638 286 tv.
660 236 771 286 14-15.
999 229 1061 295 347

112 389 203 438 certae
218 379 335 437 creditae
350 380 481 452 pecuniae
495 388 608 453 propter
622 380 814 453 sponsionem,
830 396 881 453 qua
897 379 1065 453 periclitatur

43 521 49 530 ,
112 482 186 537 reos,
208 465 231 520 si
246 471 348 520 temere
362 471 460 535 neget,
483 460 531 537 (et)
553 462 800 537 restipulationem,
824 480 875 537 qua
898 463 1065 537 periclitatur

112 557 204 619 actor,
224 550 247 603 si
267 564 323 603 nou
344 546 463 603 debitum
482 555 573 621 petat:
596 563 656 602 nam
678 549 724 620 qui
740 548 830 612 uictus
845 556 917 617 erat,
934 564 1062 604 summam

113 632 271 690 sacramenti
293 629 447 704 praestabat
462 646 564 703 poenae
579 632 703 699 nomine3
728 647 812 706 eaque
827 633 855 687 in
870 631 1006 706 publicum
1021 647 1065 689 ce·

112 715 193 772 debat
207 715 375 790 praedesque
395 731 428 770 eo
448 716 557 770 nomiae
571 719 694 788 praetori
707 713 853 785 dabantur,
874 732 929 772 non
949 724 979 772 ut
993 731 1065 772 nuuc

112 801 268 875 sponsionis
284 807 312 855 et
326 797 541 872 restipulationis
556 814 643 873 poena
654 798 733 854 lucro
750 798 821 855 cedit
834 798 1002 870 aduersario,
1019 801 1065 872 qui

36 891 102 940 [²66]
114 885 221 942 uicerit.
272 879 317 939 14.
340 881 428 938 Poena
450 891 540 938 autem
562 883 721 938 sacramenti
744 889 789 938 aut
812 884 986 956 quingenaria
1008 890 1066 939 erat

113 976 160 1025 aut
182 968 424 1041 quinquagenaria:
448 982 508 1022 nam
530 966 564 1022 de
586 964 667 1022 rebus
690 965 752 1022 mile
766 967 835 1022 aeris
850 967 972 1040 plurisue
987 968 1065 1039 quin·

113 1053 204 1126 gentis
226 1049 340 1119 assibus,
363 1050 397 1105 de
418 1051 529 1105 minoris
553 1066 619 1106 uero
642 1051 837 1124 quinquaginta
859 1050 962 1106 assibus
977 1066 1064 1107 sacra·

112 1142 205 1191 mento
228 1133 457 1202 contendebator;
484 1149 545 1190 nam
571 1135 607 1188 ita
628 1133 690 1206 lege
715 1149 761 1189 x11
784 1133 934 1190 tabularum
956 1143 1064 1190 cautum

112 1227 179 1275 erat.
217 1210 273 1295 (at)
287 1219 311 1274 si
327 1217 360 1272 de
375 1215 502 1273 libertate
517 1217 633 1272 hominis
650 1218 835 1273 controuersia
850 1225 922 1284 erat,
938 1219 990 1273 etsi
1005 1233 1065 1291 pre·

112 1303 277 1359 tiosissimus
292 1302 374 1357 bomo
389 1309 471 1375 esset,
495 1309 583 1357 tamea
598 1308 628 1355 ut
650 1317 669 1358 1.
692 1300 796 1357 assibus
818 1309 987 1358 sacramento
1002 1317 1066 1358 con·

110 1385 288 1457 tenderetur,
309 1383 401 1442 eadem
422 1385 483 1457 lege
497 1394 604 1440 cautum
619 1393 662 1439 est
677 1383 783 1441 ’lauare
799 1385 902 1443 scilicet
923 1384 1065 1456 libertatis,

111 1485 149 1525 ne
171 1461 371 1527 onerarentur¹
394 1468 555 1524 adsertores.
579 1464 1135 1586 Ι--ψ--ν-Ξὲῃ.

1091 1572 1095 1582 ι
1105 1555 1123 1584 Ι.

111 1552 272 1610 stul—10
520 1555 1051 1611 l----------·

110 1633 159 1694 tt.
182 1634 322 1693 ’Ceterum
348 1651 411 1691 cum
432 1629 535 1691 ettam³
562 1639 640 1698 itstaa
668 1652 762 1692 ornnes
783 1638 958 1693 actiones-
975 1667 1066 1678 --

188 1835 208 1904 ι)
222 1837 267 1887 Sic
286 1837 312 1886 V
313 1834 335 1870 ⁸²
348 1836 456 1903 (tantum
470 1846 595 1888 orarentur
605 1854 657 1902 pro
672 1838 837 1904 onerarentur)
857 1840 933 1904 idque
953 1841 1003 1888 iam
1017 1838 1065 1905 Bp.

111 1910 153 1959 ed.
168 1919 189 1960 o.
204 1911 236 1971 ej.
252 1915 385 1958 assecutus
398 1916 462 1958 erat.
520 1905 541 1973 ¹)
555 1908 615 1958 Hac
625 1911 718 1972 priore
728 1916 807 1973 parte
821 1913 950 1975 popinae,
969 1911 995 1958 a'n
1016 1925 1066 1975 qua

112 1980 180 2030 ntttt
194 1980 246 2046 lapi
255 1980 355 2044 potuit,
369 1979 401 2030 de
414 1980 488 2031 modo
502 1981 659 2030 sacramenti
673 1980 814 2044 disputatio
829 1982 979 2031 continuata
994 1987 1019 2031 et
1032 1981 1067 2033 ad

107 2054 187 2115 finem
197 2051 326 2114 perducta
341 2065 396 2100 esse
410 2051 524 2108 videtur,
539 2056 567 2099 ut
580 2058 659 2114 puto,
672 2051 721 2101 boa
732 2052 792 2114 fere
806 2052 894 2101 modo:
912 2048 949 2099 ‘E
961 2053 1066 2103 diuerso

111 2123 139 2172 si
152 2122 221 2171 inter
232 2123 353 2185 populum
367 2129 392 2171 et
400 2122 535 2185 priuatum
545 2123 725 2171 controuersia
735 2127 801 2180 erat,
810 2124 866 2171 siue
876 2137 919 2171 res
928 2124 986 2171 mile
996 2124 1067 2171 aeris

107 2194 232 2256 plurisue
249 2193 305 2241 siue
324 2194 433 2241 minoris
450 2199 528 2246 esset,
549 2192 706 2241 sacramenti
722 2206 808 2255 poena
829 2207 863 2241 ex
881 2194 935 2257 tepe
954 2192 1066 2242 Haterio

118 2262 230 2326 Tarpeia
245 2278 261 2311 a
271 2270 396 2326 praetore
412 2261 603 2320 aestimabatur,
613 2263 686 2312 modo
697 2278 728 2311 ne
738 2264 821 2311 minor
831 2264 977 2327 quingentis
987 2279 1067 2327 neque

113 2334 198 2383 maior
211 2332 262 2381 III
270 2332 373 2382 milibus
385 2334 457 2381 aeris
469 2339 634 2382 statueretur.
659 2341 799 2396 praeterea
810 2335 864 2398 lepe
873 2333 943 2383 Iulia
955 2334 1067 2397 Papiria

111 2410 217 2453 cautum
230 2410 276 2460 est,
291 2418 322 2452 ue
333 2404 422 2467 pluris
436 2418 509 2466 quam
523 2404 580 2466 ipsa
596 2418 639 2452 res
654 2410 727 2460 esset,
741 2412 928 2453 sacramentum
941 2412 1066 2455 statuere·

112 2482 158 2523 tur
172 2473 218 2539 (os.
229 2475 301 2537 infra
311 2486 332 2532 4,
342 2471 387 2540 to).
411 2475 436 2523 si
450 2488 512 2523 uera
526 2476 693 2537 magistratus
703 2489 755 2537 pro
765 2477 863 2538 populo
877 2475 976 2539 repebat,
991 2478 1067 2526 etiam

109 2546 235 2608 priuatus
249 2551 345 2594 tantum
358 2552 519 2594 sacramento
534 2544 753 2610 interropabatur.
782 2546 857 2610 idque
871 2560 970 2611 semper
980 2546 1066 2610 fiebat,

113 2630 172 2664 cum
189 2630 225 2664 ea
238 2616 293 2680 lepe
311 2616 399 2679 aliqua
419 2630 486 2673 euru,
508 2616 552 2678 qui
571 2623 663 2665 contra
681 2617 760 2681 tepent
775 2616 895 2678 fecisset,
916 2620 943 2665 in
963 2632 1067 2667 sacrum

114 2686 235 2735 iudicare
248 2684 350 2747 licebat,
365 2684 394 2733 id
403 2692 440 2734 est
450 2692 478 2733 ut
491 2700 507 2732 a
516 2686 669 2749 mapistrata
679 2693 839 2735 sacramento
849 2688 1066 2750 interruperatur,

112 2770 142 2806 se
156 2763 248 2806 eontra
262 2751 535 2822 lepem'rronfecisse'.
570 2752 621 2820 (Cf.
636 2754 696 2803 Lex
709 2754 756 2804 Sil.
772 2756 803 2804 de
818 2756 898 2818 pond.
914 2756 985 2819 apud
1000 2756 1065 2806 Fert.

113 2844 137 2877 o.
153 2826 228 2877 Publ.
239 2826 359 2890 pondera
369 2841 399 2889 p.
408 2837 455 2877 aaa.
474 2824 534 2874 Lex
547 2824 579 2873 de
593 2826 671 2888 inser.
683 2841 704 2873 o.
715 2837 727 2876 c
738 2822 777 2891 [0.
788 2824 810 2874 I.
822 2824 885 2874 J..1.
897 2838 956 2877 1409.
968 2842 995 2889 p.
1007 2822 1066 2893 464]

116 2898 168 2947 Cic.
184 2898 216 2947 de
230 2912 284 2959 rep.
300 2908 320 2956 4,
335 2906 368 2947 to.
390 2896 456 2945 Fert.
471 2912 493 2944 o.
508 2893 709 2945 Sacramentum.
735 2894 902 2946 Sacramenta
915 2912 941 2959 p.
957 2908 1003 2948 titt.
1018 2909 1066 2948 444.

114 2965 210 3032 Mati).
263 2964 284 3032 ⁸)
299 2966 343 3015 Ad
355 2968 505 3016 senteutiam
519 2968 643 3030 supplevi.

114 3146 163 3208 lep.
178 3150 258 3207 repet.
274 3160 295 3192 a.
311 3154 338 3193 44
351 3141 406 3208 (Kl.
417 3159 445 3205 p.
459 3140 505 3206 to).
532 3142 584 3192 Cic.
595 3158 648 3206 pro
664 3142 720 3192 Mil.
735 3152 769 3193 47.
785 3158 837 3206 pro
854 3143 926 3193 Caes.
942 3154 975 3195 at.
995 3146 1018 3206 ξ.
1033 3154 1068 3196 at.

115 3215 143 3261 tn
162 3213 239 3262 Verr.
254 3224 275 3271 r,
290 3225 311 3274 1,
323 3225 358 3265 45.
374 3215 398 3275 5.
414 3224 459 3264 us.
479 3213 511 3262 ate
525 3220 591 3263 orat.
606 3226 627 3275 1,
645 3225 679 3265 ro.
694 3214 718 3274 5.
732 3224 766 3263 44.
789 3229 840 3277 pro
854 3214 927 3265 domo
941 3227 975 3266 so.
995 3218 1018 3275 ξ.
1034 3225 1068 3265 rs.

114 3284 148 3333 de
160 3299 217 3347 rep.
231 3294 252 3342 4,
266 3295 300 3335 45.
315 3284 339 3345 5.
349 3294 383 3335 oo.
403 3284 439 3332 ad
449 3283 533 3345 samii.
549 3295 569 3341 t,
580 3295 613 3334 34.
635 3282 953 3349 Arnob.adu.peut.l,1o.
979 3284 1067 3333 Valer.

117 3354 191 3404 Max.
206 3365 227 3413 t,
241 3365 262 3405 8.
276 3356 299 3415 ‘³'-
316 3364 337 3404 4.
352 3366 373 3412 a,
387 3365 408 3404 t.
423 3355 446 3415 θ.
461 3365 481 3405 4.
544 3349 568 3421 5.
586 3357 626 3404 14.
648 3354 686 3417 Cf.
707 3353 802 3412 Varro,
819 3354 885 3403 Fest.
901 3358 926 3403 ll.
943 3370 979 3404 co.
1002 3355 1023 3403 si
1038 3354 1067 3403 de

116 3420 238 3491 libertate]
254 3425 289 3488 ef.
305 3423 362 3473 Liu.
378 3435 398 3479 4.
413 3436 506 3487 resep.
569 3419 594 3491 ξ.
612 3426 652 3475 15.
673 3424 711 3487 Cf.
732 3424 819 3475 Valer.
838 3424 914 3476 Prob.
928 3436 949 3475 4.
970 3438 1067 3475 carrus

115 3492 179 3563 erra]
196 3494 318 3558 cs.§.1o.
338 3511 360 3543 u.
380 3508 487 3551 evauno
507 3508 610 3545 rurvarn
629 3509 817 3545 vrnmcurrsrr.
851 3494 880 3543 ad
900 3492 1012 3562 iudicem]
1032 3495 1067 3557 cf.

115 3567 139 3628 §-
154 3578 187 3617 14.
207 3565 246 3614 die
260 3562 335 3632 m]
350 3565 384 3627 os.
399 3563 485 3615 Soloi.
502 3564 554 3614 Or'c.
574 3565 651 3616 Verr.
663 3576 744 3623 a,1,o.
765 3566 787 3627 ἓ.
803 3576 828 3615 to
842 3564 911 3615 Bait.
931 3580 974 3629 per
993 3566 1069 3629 legem
