2550 4000
230 171 293 236 212
524 187 586 222 oen
606 187 704 222 ursum.
724 168 744 226 1.
764 173 907 224 lbi-161.

231 330 316 405 pubes
334 330 445 386 fratrem
467 330 596 403 puberem
618 338 666 385 aut
688 339 815 403 patruum
836 328 918 386 hebet
939 336 1076 397 tutorem;
1100 328 1210 384 lemine

232 431 299 471 uero
322 413 402 470 telem
425 412 523 470 hahere
546 422 666 470 tutorem
681 431 736 471 uon
760 422 862 488 potest.
898 410 965 471 158.
981 412 1030 468 Set
1044 415 1210 487 agnationis

231 498 341 573 quidem
356 499 398 554 ius
416 499 511 572 cupitis
527 498 705 555 diminutione
726 499 869 573 perimitur
883 499 1056 576 cognationis
1071 514 1144 574 uero
1161 500 1207 553 ius

232 599 265 640 eo
277 583 358 639 modo
371 591 634 646 norcomannorum
651 585 715 655 quia
731 583 820 640 ciuilis
834 585 904 640 ratio
915 583 1004 638 ciuilia
1016 582 1130 655 quidem
1144 584 1207 637 iura

231 683 406 742 corrumpere
423 675 525 741 potest,
544 668 676 724 naturalia
689 685 757 724 uero
768 684 825 724 non
841 677 943 742 potest.
970 663 1205 724 1⁶9.Estuutem

232 753 330 826 capitis
338 751 481 808 diminutio
488 753 587 824 prioris
601 745 718 810 'stuiur¹
730 754 909 826 permutatio:
923 750 1104 826 enquetribus
1112 751 1204 807 modis

233 837 342 892 accidit:
356 853 417 892 nam
430 843 476 892 eut
489 837 601 892 maxima
612 846 656 894 est
668 839 767 911 cepitis
778 838 932 907 diminutio,
949 845 996 892 aut
1007 836 1107 906 minor,
1120 852 1203 908 quum

233 920 342 994 quidam
355 921 467 976 medinm
477 929 586 995 uocant,
599 930 644 977 sut
656 923 772 978 minima.
795 917 864 979 160.
875 921 986 978 blasima
997 928 1040 975 est
1051 921 1152 993 capitis
1165 920 1202 976 di·

232 1006 358 1076 minutio,
375 1022 437 1062 cum
455 1003 552 1077 uliquis
568 1005 650 1062 simul
668 1014 697 1063 et
712 1008 853 1063 ciuitatem
868 1017 897 1062 et
913 1004 1066 1062 libertatem
1080 1006 1202 1068 amittit;

174 1104 216 1152 41,
234 1089 315 1162 'quae
330 1089 426 1146 accidit
440 1091 568 1162 incensis,
590 1093 637 1164 qui
653 1108 685 1148 cx
701 1092 787 1147 torma
802 1085 930 1167 censuulli
946 1091 1041 1146 uenire
1053 1090 1200 1146 iubentur:
1212 1097 1248 1150 pu

169 1172 186 1208 ²·
201 1179 219 1208 ⁸·
233 1174 307 1248 quod
318 1175 361 1230 ius
375 1176 480 1249 pridem
492 1176 679 1253 desuetudine
691 1176 834 1241 ubollitum
846 1183 899 1233 est.
915 1177 1035 1232 eundem
1042 1178 1203 1246 patiuntur
1255 1248 1256 1257 ἵ

233 1261 361 1317 dediticii
366 1275 395 1314 ex
405 1258 563 1333 legeAeiita
571 1261 682 1330 Sentio,
695 1257 1200 1335 quicontrneomlegeminurbelioma
1255 1262 1256 1273 ¹

234 1343 400 1400 domicilium
412 1343 569 1417 habuerint3
583 1347 649 1402 item
663 1345 788 1417 feminee,
800 1361 869 1418 quae
880 1361 913 1401 ex
922 1353 1032 1401 senatus
1039 1336 1199 1403 consulto²l

234 1427 378 1483 Claudiano
391 1425 503 1506 ancillae
515 1427 583 1486 fiunt
595 1445 690 1485 eorum
702 1430 886 1501 dominorum,
898 1427 996 1501 quibus
1008 1429 1103 1484 inuitis
1115 1437 1144 1483 et
1157 1427 1199 1482 de-

234 1510 421 1567 nuntiantibus
441 1511 539 1569 ’nibiio
561 1507 666 1570 miuus³
680 1530 741 1571 cum
761 1515 849 1570 seruis
867 1529 962 1569 eorum
981 1513 1109 1570 coierint.
1139 1507 1198 1570 161.

235 1595 323 1651 Minor
337 1597 396 1652 siue
411 1596 499 1653 media
514 1607 556 1654 est
573 1599 669 1672 cepitis
685 1600 847 1670 diminutio,
867 1615 929 1654 cum
944 1599 1042 1654 ciuitas
1056 1599 1198 1666 amittitur,

235 1679 345 1736 libertas
360 1683 505 1746 reticulum
522 1683 596 1756 quod
615 1683 712 1740 eccidit
723 1685 817 1754 ei,'cui
830 1700 900 1756 aqua
918 1690 946 1740 et
957 1684 1015 1756 igni
1026 1682 1197 1738 interdictum

309 1811 328 1879 ¹)
343 1815 429 1878 cupitis
450 1816 476 1866 0.
501 1816 618 1866 dubitari
627 1824 722 1880 potest,
737 1834 796 1877 num
806 1834 857 1880 per
870 1832 1001 1872 errorem·
1017 1817 1065 1864 sed
1077 1816 1114 1878 cf.
1129 1816 1198 1878 infra
1255 1791 1256 1852 l

236 1887 284 1934 loc.
295 1887 396 1949 parali.
449 1883 469 1950 ¹)
483 1886 558 1937 Haec
573 1888 730 1951 omniafere
743 1887 869 1938 debentur
886 1883 939 1945 12¹²,
953 1889 1007 1937 nisi
1020 1887 1090 1952 quod
1103 1885 1197 1936 oblitte-

235 1963 353 2007 raturum
366 1956 527 2021 probabilem
544 1974 646 2009 sensum
663 1961 846 2024 supplementis
868 1960 1023 2025 sipniploavi.
1062 1973 1110 2009 nec
1128 1956 1197 2007 dubi·
1253 1855 1257 2136 f

235 2030 302 2087 tani,
326 2030 435 2078 alierum
458 2033 600 2095 exemplum
618 2033 739 2081 similiter
757 2048 790 2082 aa
812 2033 916 2081 tertium
938 2031 975 2080 ad
996 2032 1039 2080 ius
1056 2031 1152 2080 lectori
1168 2044 1197 2077 ea

234 2100 414 2163 superioribus
428 2102 479 2151 iam
494 2096 624 2167 capnitum
639 2103 746 2167 ideoque
760 2104 844 2152 minus
853 2109 978 2153 accurate
991 2102 1035 2150 bic
1044 2102 1197 2164 descriptum

234 2178 361 2236 spectare,
372 2180 438 2236 puto
453 2174 489 2223 od
502 2174 685 2223 dediticioseoe
699 2176 754 2239 lepe
764 2173 841 2223 Aelia
852 2173 942 2223 Sentio
957 2173 1105 2222 vendendos
1115 2171 1146 2237 (1,
1157 2170 1197 2235 11),
1253 2187 1255 2268 p

235 2258 299 2307 quor
317 2259 468 2308 quamquam
486 2246 556 2294 cives
575 2247 671 2294 nullius
690 2246 805 2295 ciuitatis
822 2247 875 2294 sint
889 2243 959 2309 (Uip.
978 2256 1018 2305 1ο,
1038 2241 1089 2309 15),
1105 2258 1197 2292 verum·

235 2321 318 2362 tamen
333 2314 388 2361 iuri
406 2316 480 2363 civili
496 2314 568 2364 Rom.
583 2314 693 2365 subiecti
706 2314 738 2379 (8,
754 2313 798 2379 m),
817 2316 954 2365 maximam
973 2316 1069 2378 capitis
1086 2315 1198 2369 deminu-

236 2385 330 2432 tionem
340 2386 399 2448 pati
412 2386 507 2449 nepari
521 2399 571 2435 non
581 2392 675 2448 potest.
704 2386 771 2436 Nam
784 2388 816 2436 de
831 2389 886 2452 lepe
896 2386 974 2435 Iunia
988 2388 1028 2435 uel
1038 2386 1125 2449 Papia
1137 2384 1197 2446 (Cic.

237 2454 269 2502 de
283 2454 327 2516 off.
343 2466 363 2515 1,
378 2452 415 2519 tt)
430 2457 469 2504 uei
489 2457 521 2504 de
540 2458 656 2506 aerariis
669 2460 709 2507 vel
727 2458 759 2507 de
772 2458 826 2516 bis,
846 2459 891 2521 qui
909 2458 937 2505 in
953 2457 1083 2506 Caeritum
1102 2455 1198 2505 tabulas

237 2522 426 2587 referebantur,
446 2528 561 2591 capitoni
574 2542 625 2577 non
640 2543 731 2591 posse,
751 2544 802 2578 non
821 2536 859 2578 est
877 2529 946 2593 quod
962 2528 1128 2591 disputemus.
1158 2526 1198 2575 Ge·
1250 2537 1251 2556 ³

237 2602 319 2644 terum
338 2604 459 2659 apparet,
481 2598 572 2647 Gaium
587 2607 697 2661 praeter
719 2602 760 2649 ius
783 2602 915 2663 antiquum
937 2600 988 2647 iam
1005 2598 1141 2655 abolitum,
1159 2598 1199 2646 cui
1250 2561 1252 2669 (

237 2682 315 2716 unum
328 2670 471 2732 exemplum
485 2668 632 2732 sufficiebat
646 2669 692 2736 (ef.
704 2682 724 2734 1,
736 2672 793 2735 181),
808 2686 843 2719 ex
852 2685 882 2720 eo
897 2671 963 2726 iure,
977 2668 1047 2733 quod
1061 2670 1089 2717 in
1100 2684 1147 2717 usu
1157 2674 1198 2724 est,

237 2738 288 2788 duo
302 2741 420 2802 exempla
434 2739 537 2802 referre
551 2742 675 2804 uoluisse,
690 2758 775 2800 unum,
790 2757 849 2806 quo,
868 2748 896 2789 ut
910 2748 995 2798 antea,
1010 2739 1122 2803 publici,
1140 2740 1197 2788 alte·

236 2825 302 2872 rum,
317 2826 366 2874 quo
381 2824 446 2860 novo
461 2812 519 2860 iure
529 2813 632 2875 privati
645 2814 771 2864 commodi
782 2828 862 2862 eausa
872 2812 985 2861 munima
995 2826 1053 2874 cap.
1064 2811 1198 2860 deminutio

237 2880 379 2929 accidebat.
403 2881 442 2929 De
453 2884 507 2947 lepe
517 2882 595 2931 Aelio
604 2880 696 2933 Sentio
703 2884 727 2933 b.
739 2886 755 2933 l.
766 2886 812 2948 api
821 2890 891 2932 recte
900 2884 977 2932 eiiam
985 2881 1100 2932 Momms.
1112 2888 1197 2931 contra

237 2950 322 3015 Kriip.
338 2953 445 3009 censuit,
460 2969 605 3018 quanquam
619 2956 647 3002 in
661 2955 832 3004 resarcienda
846 2955 966 3003 oratione
984 2968 1032 3003 nee
1050 2960 1143 3003 cautus
1155 2966 1198 3000 nee

235 3021 313 3084 felioc.
335 3022 373 3085 Cf.
389 3023 424 3071 od
443 3034 462 3085 1,
475 3035 503 3075 tt
517 3031 614 3074 notato.
672 3022 693 3091 ¹)
709 3025 812 3074 dominis
829 3026 855 3074 θ.
876 3032 904 3073 ut
915 3027 1042 3090 piossema
1057 3025 1149 3074 omittit
1162 3023 1196 3071 ed.

237 3090 311 3140 Stud.
330 3093 377 3140 sed
389 3094 457 3157 sipla
468 3094 564 3157 fraudi
574 3096 636 3159 fuit.

151 3260 153 3265 ,
309 3193 335 3266 ξ.
352 3199 411 3248 158.
427 3221 460 3241 =
475 3201 498 3261 ξ.
513 3212 533 3251 s.
554 3199 576 3249 I.
592 3202 624 3251 de
638 3206 687 3269 lep.
703 3200 923 3268 apn.tut.(1,15).
945 3202 1070 3265 Cfiinfra
1084 3211 1151 3262 1,11.
1165 3211 1196 3251 ⁵1.

243 3268 304 3332 inp..
314 3280 348 3331 11,
362 3281 383 3321 8,
399 3271 479 3320 -L.
494 3282 514 3323 8.
539 3272 573 3322 D.
588 3272 691 3338 decep.
707 3275 767 3322 min.
782 3274 814 3339 (t,
829 3274 860 3337 5).
885 3273 917 3322 L.
932 3284 953 3323 8.
978 3272 1010 3322 Ι).
1026 3273 1058 3321 de
1078 3288 1132 3337 rep.
1150 3273 1197 3319 iar:

238 3337 343 3406 (50‚1t).
415 3337 441 3410 ξ
459 3345 516 3393 159.
533 3359 621 3407 =pm
636 3344 659 3394 J.
674 3346 706 3394 de
725 3360 782 3408 cop.
798 3345 887 3393 dimin.
902 3342 934 3409 (1,
949 3343 994 3406 18).
1024 3343 1064 3406 Cf.
1080 3343 1112 3391 L.
1126 3356 1144 3393 1.
1167 3342 1196 3389 t).

238 3412 294 3460 eod.
314 3410 351 3477 (t,
370 3412 402 3476 1).
425 3412 515 3463 Boetb.
530 3414 567 3463 ad
582 3415 634 3465 Cic.
659 3414 719 3479 Top.
738 3428 764 3477 1,
784 3427 818 3467 18.
833 3432 861 3479 p.
876 3426 923 3466 811.
947 3414 1016 3463 Bait.
1036 3413 1093 3477 Uip.
1112 3424 1195 3475 11,11.

239 3478 265 3548 §.
283 3484 341 3533 160.
358 3482 397 3545 Cf.
412 3485 435 3545 ξ.
452 3496 471 3535 1.
491 3484 514 3532 Ι.
528 3485 586 3534 eod.
605 3486 760 3549 Ulp.11,11‚
779 3502 861 3550 supra
878 3488 918 3548 ἐξ.
929 3497 1070 3537 118111.Χ
1103 3480 1127 3552 ξ.
1143 3486 1195 3535 161.

240 3573 274 3593 =
289 3554 312 3613 ἓ.
328 3565 348 3603 1.
367 3552 461 3604 Leod.
483 3555 522 3618 Of.
542 3554 597 3618 Uip.
613 3570 647 3619 11,
663 3570 695 3608 11.
715 3573 796 3620 stupra
811 3560 834 3619 ἕ.
850 3569 896 3609 118.
