2550 4000
176 131 240 196 152
613 150 700 188 ossus.
796 186 803 194 ,

175 273 327 337 florebant,
345 273 387 327 ita
404 290 433 328 se
450 273 605 340 interserit,
623 276 658 327 ut
675 273 715 329 eis
733 276 776 339 et,
795 275 862 329 dum
879 276 1027 343 scriberet,
1045 279 1134 335 inter·

161 341 261 395 inisse
282 341 423 406 videatur,
452 356 507 394 non
529 340 644 407 Romae,
671 343 721 396 sed
746 343 776 395 in
805 342 900 411 aliquo
922 345 1132 411 prouinciarum

177 407 279 477 angulo
299 409 426 462 abditum
444 408 569 462 docuisse
587 424 619 462 ac
638 409 798 478 scripsisse?

244 475 321 530 Haec
346 477 443 529 tamen
467 475 509 529 ita
535 475 680 543 disputata
705 478 801 540 sunto,
827 478 862 530 ut
886 477 909 530 si
939 479 1001 545 quis
1030 478 1132 534 Gaium

133 597 136 602 ,
178 543 292 596 natione
311 541 449 596 Graecum
471 545 501 596 et
522 542 639 596 fortasse
662 559 697 598 ex
720 543 830 598 colonia
846 543 943 612 aliqua
959 546 988 598 in
1005 548 1133 615 partibus

179 609 292 664 orientis
311 609 459 663 oriundum
480 606 564 665 fuisse
583 609 727 678 opinetur,
749 627 822 679 quoe
845 611 912 664 olim
929 613 963 666 A.
981 615 1133 683 Augustini

179 678 208 732 et
225 677 268 730 Fr.
281 677 407 731 Connani
423 677 478 730 fuit
494 678 644 739 sententia,
663 677 693 731 id
711 679 841 746 equidem
859 695 951 747 neque
968 697 1073 759 negare
1085 698 1134 736 ne·

179 761 234 812 qus
253 744 393 798 affirmare
412 745 508 798 ausim.
539 745 603 798 Non
614 761 728 822 negare,
745 745 812 814 quio
828 747 917 814 probe
935 747 1072 815 scio,1am
1082 749 1134 803 illa

179 814 272 866 aetate
290 813 392 866 multos
409 812 574 882 peregrinus
595 812 710 880 originis
727 812 802 866 viros
823 830 946 867 summos
967 815 1087 870 honores
1103 819 1193 870 etim]

180 895 312 948 magnam
324 880 410 933 etiam
422 879 451 931 in
462 879 523 933 iure
536 880 613 934 civili
626 879 823 935 auctoritatem
834 879 941 934 Romae
954 884 1051 936 nactos
1063 899 1132 950 esse,

182 947 259 1001 velut
280 945 412 1001 Cirtensis
429 946 477 1000 ille
495 946 538 1000 vir
556 947 708 1002 consularis
730 947 774 1002 ius
812 945 938 1002 ublicuni
954 949 1133 1018 respondens,

181 1014 260 1068 cuius
277 1029 378 1067 nomen
396 1013 516 1082 perlita
536 1015 574 1067 ud
593 1014 688 1070 Front.
708 1031 722 1069 e
745 1058 751 1070 .
811 1015 1051 1084 amic.2,10.(o.).
1078 1016 1134 1071 Sed

181 1098 232 1135 nec
248 1081 404 1147 affirmare,
422 1097 487 1158 nam
505 1031 543 1140 ii.
562 1083 639 1149 quod
656 1084 687 1135 et
702 1083 712 1134 i
735 1098 766 1135 os
783 1081 857 1136 uiros
873 1083 978 1152 purtim
989 1083 1086 1146 movit,
1104 1086 1135 1138 et

181 1148 258 1226 quod
274 1149 362 1226 mulio
379 1163 426 1226 rna
457 1165 469 1200 s
486 1148 516 1202 in
533 1148 705 1228 Mommseni·
717 1149 906 1230 disputatione
927 1154 988 1230 ueri
1013 1152 1135 1219 quadam

183 1215 1135 1361 antilioli.,rossillondeiformissimis

183 1299 430 1428 contemplanium
454 1365 514 1404 esse
531 1353 674 1428 piissimo.
710 1351 821 1420 Quippe
842 1351 908 1406 inde
930 1352 1134 1422 aVespasiauo

183 1418 213 1471 et
234 1433 354 1471 maxime
377 1418 428 1470 sub
450 1417 593 1471 Hadriano
615 1434 718 1472 novam
739 1419 821 1496 quasi
842 1420 964 1486 speciem
985 1420 1136 1487 imperium

183 1484 340 1553 Romanum
351 1483 451 1542 induit.
476 1483 573 1538 Multis
583 1485 657 1540 enim
667 1487 782 1540 colomis
791 1487 820 1538 in
829 1487 987 1553 provincias
998 1487 1134 1552 deductis,

183 1552 335 1630 multisque
348 1551 387 1605 ibi
400 1567 435 1620 op
457 1551 512 1606 idis
525 1553 639 1606 civitate
649 1553 777 1607 Romana
788 1552 835 1607 vel
846 1553 1009 1619 Latinitate,
1022 1554 1136 1622 quibus-

184 1621 249 1674 dam
262 1625 347 1673 etram
364 1618 424 1672 iure
437 1570 535 1674 italico
547 1619 666 1685 donatis,
679 1619 794 1674 Graecis
810 1636 877 1674 vero
889 1637 974 1689 quam
986 1621 1029 1674 illi
1040 1621 1136 1688 opina·

184 1688 288 1744 bantur
306 1682 466 1755 αὐτονομίᾳ
480 1686 598 1748 reddita,
617 1703 690 1754 quae
703 1688 770 1740 olim
782 1687 932 1756 peregrina
943 1688 1013 1742 ditio
1025 1689 1137 1742 tantum

184 1755 284 1819 fuerat,
304 1754 334 1808 in
353 1769 473 1821 aequum
491 1769 582 1822 paene
594 1755 639 1808 ius
657 1756 772 1823 recepta
784 1758 835 1808 est.
865 1754 1033 1810 Etmaxime
1045 1756 1138 1809 oriens

183 1821 352 1886 invaluerat,
371 1837 520 1888 rursusque
540 1829 606 1875 ‘non
624 1821 717 1874 tenuis
734 1821 849 1888 qnidam
868 1837 883 1874 o
902 1820 1021 1876 Graecia
1031 1821 1139 1877 rivulus

122 1954 124 1958 Ι
185 1889 235 1943 scd
261 1886 514 1942 abundantissimus
541 1890 630 1942 amnis
656 1887 801 1954 (Orontem
823 1888 895 1943 dixit
918 1889 1015 1948 quen.
1037 1897 1067 1954 Ι,
1089 1891 1138 1957 62)

184 1957 296 2011 illorum
315 1955 525 2023 disciplinarum
544 1957 574 2009 et
592 1956 695 2010 artium
712 1955 742 2009 in
759 1955 858 2010 urbem
876 1955 996 2011 influxit’
1014 1956 1083 2024 (cic.
1101 1955 1137 2011 (le

185 2041 244 2093 rep.
263 2031 286 2089 2,
307 2026 373 2089 19),
395 2024 500 2077 utiam
518 2039 553 2078 ex
570 2023 689 2092 imperio
707 2023 833 2077 Romano
849 2024 999 2092 imperinm
1017 2024 1137 2080 Graeco

186 2092 342 2145 Romanum
363 2090 468 2143 factum
486 2090 637 2145 videretur.
668 2090 758 2144 Huius
779 2106 846 2145 vero
864 2107 959 2145 rerum
975 2092 1157 2145 mutationis-

119 2160 121 2164 ’
186 2159 293 2228 effigies
314 2175 377 2212 cum
400 2157 485 2211 etiarn
508 2158 536 2210 in
557 2157 702 2211 hominum
721 2157 842 2236 ingeniis
863 2174 919 2211 non
942 2160 1061 2229 exprimi
1083 2174 1138 2213 non

186 2227 289 2296 posset,
300 2226 323 2278 si
336 2224 436 2279 Gaium
449 2224 509 2278 eius
518 2226 547 2277 in
559 2226 627 2279 iuris
648 2225 779 2279 rudentra
790 2226 911 2293 primum
921 2228 951 2281 et
963 2226 1138 2281 verissimum

105 2318 109 2325 ·
187 2293 334 2369 exemplar
346 2308 505 2369 novumque
518 2290 605 2359 quasi,
622 2243 705 2345 liuius
716 2293 811 2349 tamen
823 2293 966 2361 temporis,
978 2294 1139 2348 Labeonem

102 2378 110 2388 ·
188 2361 303 2425 dixeris,
328 2360 360 2411 ut
379 2358 549 2423 Hadrranus,
570 2360 712 2428 ‘princeps
728 2359 777 2413 ille
795 2359 893 2414 doctus
911 2361 941 2414 et
956 2377 1046 2415 navus
1064 2360 1139 2414 orbis

188 2431 324 2482 terrarum
340 2442 397 2479 non
417 2426 535 2545 rependi
551 2428 662 2480 tantum
679 2426 827 2481 sedetiam
844 2428 1060 2495 perambulaudi
1077 2427 1139 2479 dili-

188 2492 1139 2631 simillimos.{uitellitlsllittlrtlsmslllll

982 2603 988 2616 ·
1077 2600 1083 2613 ·
1112 2601 1139 2626 ⁰2

188 2645 244 2683 non
262 2628 344 2682 modo
357 2627 518 2692 rectissime,
536 2630 567 2680 ni
578 2628 669 2690 fallor,
688 2628 723 2680 de
742 2644 775 2681 eo
792 2628 969 2692 indicaveris,
988 2629 1037 2682 sed
1055 2628 1140 2683 etiam

189 2696 289 2761 omnia,
309 2711 381 2763 quoe
400 2695 460 2748 eius
476 2696 590 2773 proprio
607 2696 680 2760 sunt,
698 2694 830 2749 facillime
849 2696 1040 2763 explicaveris.

256 2762 381 2816 Primum
398 2761 486 2831 igitur
503 2779 605 2815 mirum
623 2779 679 2816 non
698 2763 749 2826 est,
768 2763 843 2829 quod
858 2762 1051 2817 Institutiones
1069 2779 1140 2827 suus,

190 2832 238 2900 qui
255 2831 327 2884 liber
344 2829 451 2899 primus
470 2830 594 2883 omnium
611 2830 678 2883 novi
695 2830 807 2897 imperii
822 2831 912 2883 status
924 2830 1033 2885 ratione
1044 2829 1142 2883 habita

190 2899 359 2965 compositus
377 2913 436 2951 esse
455 2896 581 2961 videtur,
598 2912 654 2949 non
672 2912 689 2949 a
705 2913 742 2965 po
763 2896 804 2949 uli
820 2896 940 2950 Romani
956 2897 1017 2950 iure
1034 2896 1084 2950 sed
1100 2896 1143 2950 ita

190 2966 347 3019 exorditur:
368 2964 483 3019 ‘Omnes
499 2963 606 3032 populi,
626 2964 675 3030 qui
692 2963 750 3033 legs
770 2980 802 3016 us
820 2965 849 3017 et
861 2964 984 3017 moribus
995 2964 1139 3032 reguntur,

190 3032 294 3102 partim
312 3046 361 3085 suo
379 3032 492 3100 proprio
510 3031 613 3099 partim
631 3030 773 3083 communi
790 3031 914 3084 omnium
926 3031 1070 3085 hominum
1081 3030 1142 3084 iure

190 3101 316 3177 utuntpr’
337 3101 389 3153 etc.
414 3100 443 3152 et
464 3097 565 3152 deinde
583 3112 704 3175 quoqne,
718 3100 874 3176 ceterorum
897 3098 1064 3179 populorum
1081 3097 1144 3175 iura

190 3164 866 3302 {illiciti,i3‘intillllllii‘itltllf
877 3165 1143 3286 &ticillo

154 3396 158 3406 ¹
191 3412 249 3461 mihi
264 3412 361 3461 dubium
376 3425 428 3459 esse
444 3410 530 3458 iactum
545 3410 632 3470 faleor,
652 3415 678 3457 ut
696 3409 726 3457 ad
744 3410 864 3472 posterius
882 3411 1033 3461 statuendum
1047 3411 1145 3474 pronior

192 3483 244 3531 sim.
274 3482 341 3531 Prius
357 3488 434 3529 lamen
449 3480 534 3543 probat
548 3479 623 3529 Guido
639 3479 762 3528 Padellerti
776 3480 813 3528 del
828 3495 897 3530 nomc
911 3481 937 3529 di
951 3481 1009 3531 Gaio
1023 3498 1047 3545 p.
1062 3494 1082 3535 u.
1131 3520 1134 3527 .
