<?xml version="1.0" encoding="UTF-8"?>
<!DOCTYPE html PUBLIC "-//W3C//DTD XHTML 1.0 Transitional//EN"
    "http://www.w3.org/TR/xhtml1/DTD/xhtml1-transitional.dtd">
<html xmlns="http://www.w3.org/1999/xhtml" xml:lang="en" lang="en">
 <head>
  <title>
</title>
<meta http-equiv="Content-Type" content="text/html;charset=utf-8" />
  <meta name='ocr-system' content='tesseract 3.04.00' />
  <meta name='ocr-capabilities' content='ocr_page ocr_carea ocr_par ocr_line ocrx_word'/>
</head>
<body>
  <div class='ocr_page' id='page_1' title='image "./gaiiinstitution00kbgoog_0022.png"; bbox 0 0 2550 4000; ppageno 0'>
   <div class='ocr_carea' id='block_1_1' title="bbox 200 205 723 272">
    <p class='ocr_par' dir='ltr' id='par_1_1' title="bbox 200 205 723 272">
     <span class='ocr_line' id='line_1_1' title="bbox 200 205 723 272; baseline 0 -1"><span class='ocrx_word' id='word_1_1' title='bbox 200 205 264 272; x_wconf 73' lang='grc' dir='ltr'><strong>ιιι</strong></span> <span class='ocrx_word' id='word_1_2' title='bbox 636 222 723 258; x_wconf 69' lang='lat' dir='ltr'><strong>oms.</strong></span> 
     </span>
    </p>
   </div>
   <div class='ocr_carea' id='block_1_2' title="bbox 132 343 1153 2425">
    <p class='ocr_par' dir='ltr' id='par_1_2' title="bbox 132 343 1153 2425">
     <span class='ocr_line' id='line_1_2' title="bbox 198 343 1152 416; baseline 0.001 -16"><span class='ocrx_word' id='word_1_3' title='bbox 198 347 338 416; x_wconf 73' lang='lat' dir='ltr'><strong>positione</strong></span> <span class='ocrx_word' id='word_1_4' title='bbox 356 345 436 398; x_wconf 89' lang='lat' dir='ltr'><strong>tauta</strong></span> <span class='ocrx_word' id='word_1_5' title='bbox 447 345 648 415; x_wconf 71' lang='lat' dir='ltr'>perspicuitate</span> <span class='ocrx_word' id='word_1_6' title='bbox 662 346 691 398; x_wconf 88' lang='lat' dir='ltr'><strong>et</strong></span> <span class='ocrx_word' id='word_1_7' title='bbox 702 343 813 398; x_wconf 89' lang='lat' dir='ltr'><strong>dicendi</strong></span> <span class='ocrx_word' id='word_1_8' title='bbox 825 344 1004 414; x_wconf 75' lang='lat' dir='ltr'><strong>simplicitate</strong></span> <span class='ocrx_word' id='word_1_9' title='bbox 1020 363 1087 401; x_wconf 90' lang='lat' dir='ltr'><strong>usus</strong></span> <span class='ocrx_word' id='word_1_10' title='bbox 1098 350 1152 415; x_wconf 84' lang='lat' dir='ltr'><strong>est,</strong></span> 
     </span>
     <span class='ocr_line' id='line_1_3' title="bbox 197 412 1152 480; baseline 0.002 -13"><span class='ocrx_word' id='word_1_11' title='bbox 197 417 230 467; x_wconf 93' lang='lat' dir='ltr'><strong>ut</strong></span> <span class='ocrx_word' id='word_1_12' title='bbox 242 413 416 465; x_wconf 91' lang='lat' dir='ltr'><strong>Herodotum</strong></span> <span class='ocrx_word' id='word_1_13' title='bbox 428 413 471 465; x_wconf 90' lang='lat' dir='ltr'><strong>ius</strong></span> <span class='ocrx_word' id='word_1_14' title='bbox 482 427 595 466; x_wconf 91' lang='lat' dir='ltr'><strong>narrare</strong></span> <span class='ocrx_word' id='word_1_15' title='bbox 609 412 736 479; x_wconf 85' lang='lat' dir='ltr'><strong>opinare:</strong></span> <span class='ocrx_word' id='word_1_16' title='bbox 755 428 827 480; x_wconf 89' lang='lat' dir='ltr'><strong>quae</strong></span> <span class='ocrx_word' id='word_1_17' title='bbox 843 429 888 466; x_wconf 89' lang='lat' dir='ltr'><strong>res</strong></span> <span class='ocrx_word' id='word_1_18' title='bbox 899 429 963 466; x_wconf 90' lang='lat' dir='ltr'><strong>cum</strong></span> <span class='ocrx_word' id='word_1_19' title='bbox 993 413 1071 467; x_wconf 86' lang='lat' dir='ltr'><strong>rimis</strong></span> <span class='ocrx_word' id='word_1_20' title='bbox 1083 415 1152 469; x_wconf 91' lang='lat' dir='ltr'><strong>tiro·</strong></span> 
     </span>
     <span class='ocr_line' id='line_1_4' title="bbox 197 478 1152 550; baseline 0.001 -17"><span class='ocrx_word' id='word_1_21' title='bbox 197 498 265 533; x_wconf 90' lang='lat' dir='ltr'><strong>num</strong></span> <span class='ocrx_word' id='word_1_22' title='bbox 284 480 391 533; x_wconf 82' lang='lat' dir='ltr'><strong>animos</strong></span> <span class='ocrx_word' id='word_1_23' title='bbox 408 480 497 532; x_wconf 77' lang='lat' dir='ltr'><strong>allicit</strong></span> <span class='ocrx_word' id='word_1_24' title='bbox 515 481 544 533; x_wconf 86' lang='lat' dir='ltr'><strong>et</strong></span> <span class='ocrx_word' id='word_1_25' title='bbox 562 478 692 531; x_wconf 87' lang='lat' dir='ltr'><strong>delectat.</strong></span> <span class='ocrx_word' id='word_1_26' title='bbox 726 478 806 544; x_wconf 83' lang='lat' dir='ltr'><strong>Quod</strong></span> <span class='ocrx_word' id='word_1_27' title='bbox 823 495 891 533; x_wconf 83' lang='lat' dir='ltr'><strong>vero</strong></span> <span class='ocrx_word' id='word_1_28' title='bbox 912 496 969 549; x_wconf 89' lang='lat' dir='ltr'><strong>neg</strong></span> <span class='ocrx_word' id='word_1_29' title='bbox 990 483 1102 550; x_wconf 85' lang='lat' dir='ltr'><strong>gantiae</strong></span> <span class='ocrx_word' id='word_1_30' title='bbox 1120 483 1152 534; x_wconf 88' lang='lat' dir='ltr'><strong>in</strong></span> 
     </span>
     <span class='ocr_line' id='line_1_5' title="bbox 197 545 1153 616; baseline 0.003 -16"><span class='ocrx_word' id='word_1_31' title='bbox 197 547 364 616; x_wconf 88' lang='lat' dir='ltr'><strong>quibusdam</strong></span> <span class='ocrx_word' id='word_1_32' title='bbox 386 548 531 601; x_wconf 81' lang='lat' dir='ltr'><strong>incusatus</strong></span> <span class='ocrx_word' id='word_1_33' title='bbox 553 547 607 610; x_wconf 87' lang='lat' dir='ltr'><strong>est,</strong></span> <span class='ocrx_word' id='word_1_34' title='bbox 630 545 736 613; x_wconf 88' lang='lat' dir='ltr'><strong>partim</strong></span> <span class='ocrx_word' id='word_1_35' title='bbox 752 545 875 600; x_wconf 90' lang='lat' dir='ltr'><strong>librariis</strong></span> <span class='ocrx_word' id='word_1_36' title='bbox 892 548 986 615; x_wconf 88' lang='lat' dir='ltr'><strong>potius</strong></span> <span class='ocrx_word' id='word_1_37' title='bbox 1002 549 1071 602; x_wconf 88' lang='lat' dir='ltr'><strong>vitio</strong></span> <span class='ocrx_word' id='word_1_38' title='bbox 1088 565 1153 603; x_wconf 85' lang='lat' dir='ltr'><strong>ver-</strong></span> 
     </span>
     <span class='ocr_line' id='line_1_6' title="bbox 197 612 1152 682; baseline 0.001 -14"><span class='ocrx_word' id='word_1_39' title='bbox 197 614 313 668; x_wconf 88' lang='lat' dir='ltr'><strong>tendum</strong></span> <span class='ocrx_word' id='word_1_40' title='bbox 332 614 422 682; x_wconf 88' lang='lat' dir='ltr'><strong>(velut</strong></span> <span class='ocrx_word' id='word_1_41' title='bbox 439 615 514 682; x_wconf 86' lang='lat' dir='ltr'><strong>quod</strong></span> <span class='ocrx_word' id='word_1_42' title='bbox 532 612 608 665; x_wconf 88' lang='lat' dir='ltr'><strong>haud</strong></span> <span class='ocrx_word' id='word_1_43' title='bbox 625 627 689 665; x_wconf 90' lang='lat' dir='ltr'><strong>raro</strong></span> <span class='ocrx_word' id='word_1_44' title='bbox 711 615 809 667; x_wconf 89' lang='lat' dir='ltr'><strong>contra</strong></span> <span class='ocrx_word' id='word_1_45' title='bbox 830 615 1015 681; x_wconf 88' lang='lat' dir='ltr'><strong>grammatica</strong></span> <span class='ocrx_word' id='word_1_46' title='bbox 1032 616 1067 669; x_wconf 90' lang='lat' dir='ltr'><strong>de</strong></span> <span class='ocrx_word' id='word_1_47' title='bbox 1086 631 1152 669; x_wconf 91' lang='lat' dir='ltr'><strong>con·</strong></span> 
     </span>
     <span class='ocr_line' id='line_1_7' title="bbox 197 680 1151 752; baseline 0.001 -17"><span class='ocrx_word' id='word_1_48' title='bbox 197 683 338 736; x_wconf 86' lang='lat' dir='ltr'><strong>secutione</strong></span> <span class='ocrx_word' id='word_1_49' title='bbox 365 683 421 734; x_wconf 92' lang='lat' dir='ltr'><strong>tem</strong></span> <span class='ocrx_word' id='word_1_50' title='bbox 445 696 525 734; x_wconf 91' lang='lat' dir='ltr'><strong>orum</strong></span> <span class='ocrx_word' id='word_1_51' title='bbox 549 680 704 748; x_wconf 91' lang='lat' dir='ltr'><strong>praecepta</strong></span> <span class='ocrx_word' id='word_1_52' title='bbox 728 696 860 748; x_wconf 79' lang='lat' dir='ltr'><strong>peccasse</strong></span> <span class='ocrx_word' id='word_1_53' title='bbox 885 680 1020 751; x_wconf 84' lang='lat' dir='ltr'><strong>videtur),</strong></span> <span class='ocrx_word' id='word_1_54' title='bbox 1046 683 1151 752; x_wconf 86' lang='lat' dir='ltr'><strong>partim</strong></span> 
     </span>
     <span class='ocr_line' id='line_1_8' title="bbox 198 747 1153 815; baseline 0.001 -13"><span class='ocrx_word' id='word_1_55' title='bbox 198 749 281 802; x_wconf 90' lang='lat' dir='ltr'><strong>aliter</strong></span> <span class='ocrx_word' id='word_1_56' title='bbox 291 763 412 802; x_wconf 85' lang='lat' dir='ltr'><strong>excusan</strong></span> <span class='ocrx_word' id='word_1_57' title='bbox 433 765 481 800; x_wconf 91' lang='lat' dir='ltr'><strong>um</strong></span> <span class='ocrx_word' id='word_1_58' title='bbox 491 749 542 801; x_wconf 88' lang='lat' dir='ltr'><strong>est.</strong></span> <span class='ocrx_word' id='word_1_59' title='bbox 565 747 635 800; x_wconf 88' lang='lat' dir='ltr'><strong>Nam</strong></span> <span class='ocrx_word' id='word_1_60' title='bbox 649 763 811 814; x_wconf 89' lang='lat' dir='ltr'><strong>persuasum</strong></span> <span class='ocrx_word' id='word_1_61' title='bbox 823 748 892 800; x_wconf 88' lang='lat' dir='ltr'><strong>mihi</strong></span> <span class='ocrx_word' id='word_1_62' title='bbox 904 749 955 815; x_wconf 90' lang='lat' dir='ltr'><strong>est,</strong></span> <span class='ocrx_word' id='word_1_63' title='bbox 966 765 1023 803; x_wconf 93' lang='lat' dir='ltr'><strong>non</strong></span> <span class='ocrx_word' id='word_1_64' title='bbox 1035 751 1153 804; x_wconf 89' lang='lat' dir='ltr'><strong>cunctos</strong></span> 
     </span>
     <span class='ocr_line' id='line_1_9' title="bbox 132 814 1151 950; baseline 0.002 -14"><span class='ocrx_word' id='word_1_65' title='bbox 132 855 134 859; x_wconf 78' lang='grc'><strong><em>·</em></strong></span> <span class='ocrx_word' id='word_1_66' title='bbox 196 817 329 936; x_wconf 62' lang='lat' dir='ltr'><strong>tertul</strong></span> <span class='ocrx_word' id='word_1_67' title='bbox 342 814 941 950; x_wconf 51' lang='lat' dir='ltr'><strong>truatur,itliutttslatttt</strong></span> <span class='ocrx_word' id='word_1_68' title='bbox 954 816 1151 938; x_wconf 47' lang='lat' dir='ltr'><strong>militet</strong></span> 
     </span>
     <span class='ocr_line' id='line_1_10' title="bbox 196 922 1150 1070; baseline 0.002 -67"><span class='ocrx_word' id='word_1_69' title='bbox 196 951 265 1004; x_wconf 87' lang='lat' dir='ltr'><strong>cisse</strong></span> <span class='ocrx_word' id='word_1_70' title='bbox 284 922 363 1002; x_wconf 80' lang='lat' dir='ltr'><strong>reiut</strong></span> <span class='ocrx_word' id='word_1_71' title='bbox 379 949 435 1002; x_wconf 90' lang='lat' dir='ltr'><strong>ista</strong></span> <span class='ocrx_word' id='word_1_72' title='bbox 451 949 510 1002; x_wconf 88' lang='lat' dir='ltr'><strong>fere</strong></span> <span class='ocrx_word' id='word_1_73' title='bbox 529 949 623 1002; x_wconf 87' lang='lat' dir='ltr'><strong>aetate</strong></span> <span class='ocrx_word' id='word_1_74' title='bbox 641 948 814 1016; x_wconf 82' lang='lat' dir='ltr'><strong>Polyaenum</strong></span> <span class='ocrx_word' id='word_1_75' title='bbox 836 951 1067 1070; x_wconf 64' lang='lat' dir='ltr'><strong>strategematum</strong></span> <span class='ocrx_word' id='word_1_76' title='bbox 1084 952 1150 1005; x_wconf 90' lang='lat' dir='ltr'><strong>scri·</strong></span> 
     </span>
     <span class='ocr_line' id='line_1_11' title="bbox 195 1015 1152 1086; baseline 0.002 -16"><span class='ocrx_word' id='word_1_77' title='bbox 195 1019 306 1086; x_wconf 85' lang='lat' dir='ltr'><strong>ptorem</strong></span> <span class='ocrx_word' id='word_1_78' title='bbox 324 1017 499 1085; x_wconf 88' lang='lat' dir='ltr'><strong>compertum</strong></span> <span class='ocrx_word' id='word_1_79' title='bbox 516 1015 662 1081; x_wconf 89' lang='lat' dir='ltr'><strong>habemus)</strong></span> <span class='ocrx_word' id='word_1_80' title='bbox 681 1019 739 1070; x_wconf 85' lang='lat' dir='ltr'><strong>sive</strong></span> <span class='ocrx_word' id='word_1_81' title='bbox 758 1017 834 1083; x_wconf 88' lang='lat' dir='ltr'><strong>quod</strong></span> <span class='ocrx_word' id='word_1_82' title='bbox 851 1017 911 1086; x_wconf 91' lang='lat' dir='ltr'><strong>ipse</strong></span> <span class='ocrx_word' id='word_1_83' title='bbox 944 1034 977 1071; x_wconf 93' lang='lat' dir='ltr'><strong>oc</strong></span> <span class='ocrx_word' id='word_1_84' title='bbox 989 1018 1152 1072; x_wconf 89' lang='lat' dir='ltr'><strong>adsueverit</strong></span> 
     </span>
     <span class='ocr_line' id='line_1_12' title="bbox 195 1083 1151 1154; baseline 0.001 -17"><span class='ocrx_word' id='word_1_85' title='bbox 195 1087 288 1137; x_wconf 87' lang='lat' dir='ltr'><strong>facere</strong></span> <span class='ocrx_word' id='word_1_86' title='bbox 306 1083 432 1136; x_wconf 88' lang='lat' dir='ltr'><strong>inlibris</strong></span> <span class='ocrx_word' id='word_1_87' title='bbox 450 1083 639 1152; x_wconf 82' lang='lat' dir='ltr'><strong>singularibus</strong></span> <span class='ocrx_word' id='word_1_88' title='bbox 657 1083 693 1135; x_wconf 89' lang='lat' dir='ltr'><strong>ad</strong></span> <span class='ocrx_word' id='word_1_89' title='bbox 710 1083 833 1136; x_wconf 90' lang='lat' dir='ltr'><strong>edictum</strong></span> <span class='ocrx_word' id='word_1_90' title='bbox 852 1085 979 1151; x_wconf 89' lang='lat' dir='ltr'><strong>edendis,</strong></span> <span class='ocrx_word' id='word_1_91' title='bbox 997 1087 1056 1138; x_wconf 87' lang='lat' dir='ltr'><strong>sive</strong></span> <span class='ocrx_word' id='word_1_92' title='bbox 1074 1086 1151 1154; x_wconf 89' lang='lat' dir='ltr'><strong>quod</strong></span> 
     </span>
     <span class='ocr_line' id='line_1_13' title="bbox 196 1150 1150 1221; baseline 0.002 -18"><span class='ocrx_word' id='word_1_93' title='bbox 196 1151 354 1204; x_wconf 87' lang='lat' dir='ltr'><strong>diffidentia</strong></span> <span class='ocrx_word' id='word_1_94' title='bbox 375 1150 514 1216; x_wconf 90' lang='lat' dir='ltr'><strong>quaedam</strong></span> <span class='ocrx_word' id='word_1_95' title='bbox 536 1150 565 1202; x_wconf 91' lang='lat' dir='ltr'><strong>in</strong></span> <span class='ocrx_word' id='word_1_96' title='bbox 587 1151 647 1203; x_wconf 89' lang='lat' dir='ltr'><strong>tam</strong></span> <span class='ocrx_word' id='word_1_97' title='bbox 669 1165 742 1203; x_wconf 86' lang='lat' dir='ltr'><strong>novo</strong></span> <span class='ocrx_word' id='word_1_98' title='bbox 760 1151 942 1220; x_wconf 88' lang='lat' dir='ltr'><strong>scriptionum</strong></span> <span class='ocrx_word' id='word_1_99' title='bbox 964 1167 1068 1221; x_wconf 80' lang='lat' dir='ltr'><strong>genere</strong></span> <span class='ocrx_word' id='word_1_100' title='bbox 1084 1168 1150 1205; x_wconf 89' lang='lat' dir='ltr'><strong>eum</strong></span> 
     </span>
     <span class='ocr_line' id='line_1_14' title="bbox 196 1216 1151 1288; baseline 0.001 -16"><span class='ocrx_word' id='word_1_101' title='bbox 196 1219 373 1287; x_wconf 89' lang='lat' dir='ltr'><strong>compulerit,</strong></span> <span class='ocrx_word' id='word_1_102' title='bbox 399 1219 434 1270; x_wconf 91' lang='lat' dir='ltr'><strong>ut</strong></span> <span class='ocrx_word' id='word_1_103' title='bbox 453 1216 558 1271; x_wconf 88' lang='lat' dir='ltr'><strong>iudicia</strong></span> <span class='ocrx_word' id='word_1_104' title='bbox 583 1216 727 1270; x_wconf 90' lang='lat' dir='ltr'><strong>hominum</strong></span> <span class='ocrx_word' id='word_1_105' title='bbox 754 1218 937 1286; x_wconf 87' lang='lat' dir='ltr'><strong>experiretur.</strong></span> <span class='ocrx_word' id='word_1_106' title='bbox 976 1220 1151 1288; x_wconf 88' lang='lat' dir='ltr'><strong>Argumento</strong></span> 
     </span>
     <span class='ocr_line' id='line_1_15' title="bbox 196 1284 1152 1354; baseline 0 -15"><span class='ocrx_word' id='word_1_107' title='bbox 196 1288 289 1339; x_wconf 87' lang='lat' dir='ltr'><strong>autem</strong></span> <span class='ocrx_word' id='word_1_108' title='bbox 302 1288 344 1339; x_wconf 89' lang='lat' dir='ltr'><strong>est</strong></span> <span class='ocrx_word' id='word_1_109' title='bbox 353 1287 483 1354; x_wconf 83' lang='lat' dir='ltr'><strong>primum,</strong></span> <span class='ocrx_word' id='word_1_110' title='bbox 496 1284 571 1352; x_wconf 89' lang='lat' dir='ltr'><strong>quod</strong></span> <span class='ocrx_word' id='word_1_111' title='bbox 581 1285 604 1336; x_wconf 87' lang='lat' dir='ltr'><strong>si</strong></span> <span class='ocrx_word' id='word_1_112' title='bbox 612 1285 734 1352; x_wconf 91' lang='lat' dir='ltr'><strong>primum</strong></span> <span class='ocrx_word' id='word_1_113' title='bbox 744 1286 977 1339; x_wconf 90' lang='lat' dir='ltr'><strong>commentarium</strong></span> <span class='ocrx_word' id='word_1_114' title='bbox 986 1302 1050 1339; x_wconf 91' lang='lat' dir='ltr'><strong>cum</strong></span> <span class='ocrx_word' id='word_1_115' title='bbox 1059 1287 1152 1340; x_wconf 89' lang='lat' dir='ltr'><strong>altero</strong></span> 
     </span>
     <span class='ocr_line' id='line_1_16' title="bbox 196 1351 1150 1428; baseline 0 -23"><span class='ocrx_word' id='word_1_116' title='bbox 196 1353 309 1406; x_wconf 86' lang='lat' dir='ltr'><strong>demum</strong></span> <span class='ocrx_word' id='word_1_117' title='bbox 331 1352 487 1421; x_wconf 82' lang='lat' dir='ltr'><strong>vulgasset,</strong></span> <span class='ocrx_word' id='word_1_118' title='bbox 510 1351 681 1404; x_wconf 90' lang='lat' dir='ltr'><strong>mentionem</strong></span> <span class='ocrx_word' id='word_1_119' title='bbox 703 1352 881 1428; x_wconf 86' lang='lat' dir='ltr'><strong>imperatoris</strong></span> <span class='ocrx_word' id='word_1_120' title='bbox 897 1353 1032 1406; x_wconf 79' lang='lat' dir='ltr'><strong>Antonini</strong></span> <span class='ocrx_word' id='word_1_121' title='bbox 1050 1360 1074 1420; x_wconf 88' lang='lat'><strong>1,</strong></span> <span class='ocrx_word' id='word_1_122' title='bbox 1093 1360 1150 1407; x_wconf 77' lang='lat'>102.</span> 
     </span>
     <span class='ocr_line' id='line_1_17' title="bbox 196 1418 1151 1536; baseline 0.002 -64"><span class='ocrx_word' id='word_1_123' title='bbox 196 1421 332 1486; x_wconf 88' lang='lat' dir='ltr'><strong>tauquam</strong></span> <span class='ocrx_word' id='word_1_124' title='bbox 344 1419 403 1471; x_wconf 86' lang='lat' dir='ltr'><strong>vivi</strong></span> <span class='ocrx_word' id='word_1_125' title='bbox 415 1419 542 1471; x_wconf 87' lang='lat' dir='ltr'><strong>habitam</strong></span> <span class='ocrx_word' id='word_1_126' title='bbox 553 1433 609 1471; x_wconf 90' lang='lat' dir='ltr'><strong>non</strong></span> <span class='ocrx_word' id='word_1_127' title='bbox 616 1420 734 1536; x_wconf 57' lang='lat' dir='ltr'><strong>poterat</strong></span> <span class='ocrx_word' id='word_1_128' title='bbox 744 1436 773 1471; x_wconf 83' lang='grc' dir='ltr'><strong>ιιι</strong></span> <span class='ocrx_word' id='word_1_129' title='bbox 785 1418 843 1472; x_wconf 87' lang='lat' dir='ltr'><strong>divi</strong></span> <span class='ocrx_word' id='word_1_130' title='bbox 855 1421 1151 1474; x_wconf 82' lang='lat' dir='ltr'><strong>commemorationem</strong></span> 
     </span>
     <span class='ocr_line' id='line_1_18' title="bbox 196 1484 1151 1546; baseline 0.003 -8"><span class='ocrx_word' id='word_1_131' title='bbox 196 1502 252 1538; x_wconf 91' lang='lat' dir='ltr'><strong>non</strong></span> <span class='ocrx_word' id='word_1_132' title='bbox 274 1487 393 1538; x_wconf 89' lang='lat' dir='ltr'><strong>mutare.</strong></span> <span class='ocrx_word' id='word_1_133' title='bbox 429 1484 564 1538; x_wconf 84' lang='lat' dir='ltr'><strong>Similiter</strong></span> <span class='ocrx_word' id='word_1_134' title='bbox 584 1485 614 1537; x_wconf 92' lang='lat' dir='ltr'><strong>iu</strong></span> <span class='ocrx_word' id='word_1_135' title='bbox 635 1485 722 1538; x_wconf 89' lang='lat' dir='ltr'><strong>icabis</strong></span> <span class='ocrx_word' id='word_1_136' title='bbox 744 1485 779 1539; x_wconf 89' lang='lat' dir='ltr'><strong>de</strong></span> <span class='ocrx_word' id='word_1_137' title='bbox 802 1485 923 1540; x_wconf 88' lang='lat' dir='ltr'><strong>secundo</strong></span> <span class='ocrx_word' id='word_1_138' title='bbox 950 1489 1151 1546; x_wconf 88' lang='lat' dir='ltr'><strong>commentario</strong></span> 
     </span>
     <span class='ocr_line' id='line_1_19' title="bbox 195 1551 1151 1622; baseline 0.001 -15"><span class='ocrx_word' id='word_1_139' title='bbox 195 1554 304 1607; x_wconf 87' lang='lat' dir='ltr'><strong>ratione</strong></span> <span class='ocrx_word' id='word_1_140' title='bbox 321 1552 414 1618; x_wconf 88' lang='lat' dir='ltr'><strong>tertii,</strong></span> <span class='ocrx_word' id='word_1_141' title='bbox 437 1551 467 1604; x_wconf 90' lang='lat' dir='ltr'><strong>in</strong></span> <span class='ocrx_word' id='word_1_142' title='bbox 490 1555 662 1617; x_wconf 75' lang='lat' dir='ltr'><strong>quo§.100.</strong></span> <span class='ocrx_word' id='word_1_143' title='bbox 685 1553 747 1619; x_wconf 91' lang='lat' dir='ltr'><strong>ipse</strong></span> <span class='ocrx_word' id='word_1_144' title='bbox 768 1553 906 1607; x_wconf 90' lang='lat' dir='ltr'><strong>rationem</strong></span> <span class='ocrx_word' id='word_1_145' title='bbox 927 1554 1026 1622; x_wconf 88' lang='lat' dir='ltr'><strong>placiti</strong></span> <span class='ocrx_word' id='word_1_146' title='bbox 1047 1555 1151 1621; x_wconf 88' lang='lat' dir='ltr'><strong>reddit,</strong></span> 
     </span>
     <span class='ocr_line' id='line_1_20' title="bbox 216 1619 1150 1688; baseline 0.005 -16"><span class='ocrx_word' id='word_1_147' title='bbox 216 1619 271 1672; x_wconf 90' lang='lat' dir='ltr'><strong>uod</strong></span> <span class='ocrx_word' id='word_1_148' title='bbox 294 1625 322 1680; x_wconf 81' lang='lat'><strong>2,</strong></span> <span class='ocrx_word' id='word_1_149' title='bbox 346 1625 403 1672; x_wconf 80' lang='lat'>232.</span> <span class='ocrx_word' id='word_1_150' title='bbox 426 1633 482 1672; x_wconf 90' lang='lat' dir='ltr'><strong>uon</strong></span> <span class='ocrx_word' id='word_1_151' title='bbox 504 1619 628 1687; x_wconf 88' lang='lat' dir='ltr'><strong>pretiosa</strong></span> <span class='ocrx_word' id='word_1_152' title='bbox 648 1621 758 1672; x_wconf 90' lang='lat' dir='ltr'><strong>ratione</strong></span> <span class='ocrx_word' id='word_1_153' title='bbox 780 1622 925 1688; x_wconf 86' lang='lat' dir='ltr'><strong>receptum</strong></span> <span class='ocrx_word' id='word_1_154' title='bbox 947 1637 1009 1675; x_wconf 92' lang='lat' dir='ltr'><strong>esse</strong></span> <span class='ocrx_word' id='word_1_155' title='bbox 1032 1622 1150 1677; x_wconf 83' lang='lat' dir='ltr'><strong>dixerat.</strong></span> 
     </span>
     <span class='ocr_line' id='line_1_21' title="bbox 196 1637 1150 1754; baseline 0.003 -15"><span class='ocrx_word' id='word_1_156' title='bbox 196 1637 292 1740; x_wconf 57' lang='lat' dir='ltr'><strong>iltiam</strong></span> <span class='ocrx_word' id='word_1_157' title='bbox 310 1686 344 1739; x_wconf 91' lang='lat' dir='ltr'><strong>de</strong></span> <span class='ocrx_word' id='word_1_158' title='bbox 363 1685 533 1753; x_wconf 82' lang='lat' dir='ltr'><strong>usucapione</strong></span> <span class='ocrx_word' id='word_1_159' title='bbox 551 1701 602 1754; x_wconf 91' lang='lat' dir='ltr'><strong>pro</strong></span> <span class='ocrx_word' id='word_1_160' title='bbox 619 1686 724 1740; x_wconf 86' lang='lat' dir='ltr'><strong>herede</strong></span> <span class='ocrx_word' id='word_1_161' title='bbox 742 1702 791 1740; x_wconf 89' lang='lat' dir='ltr'><strong>suo</strong></span> <span class='ocrx_word' id='word_1_162' title='bbox 814 1688 844 1740; x_wconf 92' lang='lat' dir='ltr'><strong>et</strong></span> <span class='ocrx_word' id='word_1_163' title='bbox 859 1689 1017 1743; x_wconf 88' lang='lat' dir='ltr'><strong>necessario</strong></span> <span class='ocrx_word' id='word_1_164' title='bbox 1039 1689 1086 1742; x_wconf 90' lang='lat' dir='ltr'><strong>vel</strong></span> <span class='ocrx_word' id='word_1_165' title='bbox 1101 1705 1150 1742; x_wconf 91' lang='lat' dir='ltr'><strong>ne-</strong></span> 
     </span>
     <span class='ocr_line' id='line_1_22' title="bbox 197 1753 1151 1822; baseline 0.003 -15"><span class='ocrx_word' id='word_1_166' title='bbox 197 1753 319 1807; x_wconf 90' lang='lat' dir='ltr'><strong>cessario</strong></span> <span class='ocrx_word' id='word_1_167' title='bbox 336 1753 440 1806; x_wconf 88' lang='lat' dir='ltr'><strong>herede</strong></span> <span class='ocrx_word' id='word_1_168' title='bbox 459 1753 586 1820; x_wconf 87' lang='lat' dir='ltr'><strong>extante,</strong></span> <span class='ocrx_word' id='word_1_169' title='bbox 610 1755 788 1806; x_wconf 86' lang='lat' dir='ltr'><strong>controversa</strong></span> <span class='ocrx_word' id='word_1_170' title='bbox 804 1769 870 1808; x_wconf 88' lang='lat' dir='ltr'><strong>sane</strong></span> <span class='ocrx_word' id='word_1_171' title='bbox 887 1755 1021 1822; x_wconf 89' lang='lat' dir='ltr'><strong>materia,</strong></span> <span class='ocrx_word' id='word_1_172' title='bbox 1040 1755 1151 1810; x_wconf 83' lang='lat' dir='ltr'><strong>diversa</strong></span> 
     </span>
     <span class='ocr_line' id='line_1_23' title="bbox 196 1820 1150 1888; baseline 0.005 -16"><span class='ocrx_word' id='word_1_173' title='bbox 196 1820 283 1874; x_wconf 89' lang='lat' dir='ltr'><strong>tradit</strong></span> <span class='ocrx_word' id='word_1_174' title='bbox 305 1827 334 1885; x_wconf 79' lang='lat'><strong>2,</strong></span> <span class='ocrx_word' id='word_1_175' title='bbox 353 1826 394 1874; x_wconf 80' lang='lat'><strong>58.</strong></span> <span class='ocrx_word' id='word_1_176' title='bbox 419 1821 448 1872; x_wconf 89' lang='lat' dir='ltr'><strong>et</strong></span> <span class='ocrx_word' id='word_1_177' title='bbox 465 1827 494 1884; x_wconf 88' lang='grc'><strong>3,</strong></span> <span class='ocrx_word' id='word_1_178' title='bbox 513 1826 585 1884; x_wconf 63' lang='grc'><strong>301,</strong></span> <span class='ocrx_word' id='word_1_179' title='bbox 609 1822 644 1873; x_wconf 91' lang='lat' dir='ltr'><strong>ut</strong></span> <span class='ocrx_word' id='word_1_180' title='bbox 663 1821 764 1888; x_wconf 89' lang='lat' dir='ltr'><strong>postea</strong></span> <span class='ocrx_word' id='word_1_181' title='bbox 784 1821 922 1874; x_wconf 89' lang='lat' dir='ltr'><strong>rationem</strong></span> <span class='ocrx_word' id='word_1_182' title='bbox 944 1823 1043 1876; x_wconf 86' lang='lat' dir='ltr'><strong>traditi</strong></span> <span class='ocrx_word' id='word_1_183' title='bbox 1064 1823 1094 1876; x_wconf 92' lang='lat' dir='ltr'><strong>in</strong></span> <span class='ocrx_word' id='word_1_184' title='bbox 1115 1839 1150 1877; x_wconf 90' lang='lat' dir='ltr'><strong>eo</strong></span> 
     </span>
     <span class='ocr_line' id='line_1_24' title="bbox 196 1886 1151 1955; baseline 0.004 -15"><span class='ocrx_word' id='word_1_185' title='bbox 196 1887 270 1940; x_wconf 90' lang='lat' dir='ltr'><strong>male</strong></span> <span class='ocrx_word' id='word_1_186' title='bbox 288 1887 413 1954; x_wconf 87' lang='lat' dir='ltr'><strong>posuisse</strong></span> <span class='ocrx_word' id='word_1_187' title='bbox 426 1886 564 1952; x_wconf 86' lang='lat' dir='ltr'><strong>videatur,</strong></span> <span class='ocrx_word' id='word_1_188' title='bbox 583 1891 657 1955; x_wconf 91' lang='lat' dir='ltr'><strong>quod</strong></span> <span class='ocrx_word' id='word_1_189' title='bbox 673 1888 829 1942; x_wconf 90' lang='lat' dir='ltr'><strong>necessario</strong></span> <span class='ocrx_word' id='word_1_190' title='bbox 843 1890 958 1943; x_wconf 85' lang='lat' dir='ltr'><strong>extante</strong></span> <span class='ocrx_word' id='word_1_191' title='bbox 969 1890 1040 1942; x_wconf 91' lang='lat' dir='ltr'><strong>nihil</strong></span> <span class='ocrx_word' id='word_1_192' title='bbox 1053 1891 1151 1944; x_wconf 87' lang='lat' dir='ltr'><strong>contra</strong></span> 
     </span>
     <span class='ocr_line' id='line_1_25' title="bbox 196 1953 1150 2026; baseline 0.004 -18"><span class='ocrx_word' id='word_1_193' title='bbox 196 1955 374 2008; x_wconf 80' lang='lat' dir='ltr'><strong>voluntatem</strong></span> <span class='ocrx_word' id='word_1_194' title='bbox 391 1953 533 2008; x_wconf 88' lang='lat' dir='ltr'><strong>testatoris</strong></span> <span class='ocrx_word' id='word_1_195' title='bbox 552 1969 585 2007; x_wconf 89' lang='lat' dir='ltr'><strong>ex</strong></span> <span class='ocrx_word' id='word_1_196' title='bbox 597 1953 754 2008; x_wconf 89' lang='lat' dir='ltr'><strong>hereditate</strong></span> <span class='ocrx_word' id='word_1_197' title='bbox 766 1954 878 2009; x_wconf 89' lang='lat' dir='ltr'><strong>detrahi</strong></span> <span class='ocrx_word' id='word_1_198' title='bbox 889 1957 999 2023; x_wconf 91' lang='lat' dir='ltr'><strong>debeat,</strong></span> <span class='ocrx_word' id='word_1_199' title='bbox 1017 1957 1150 2026; x_wconf 88' lang='lat' dir='ltr'><strong>idemque</strong></span> 
     </span>
     <span class='ocr_line' id='line_1_26' title="bbox 196 2021 1149 2089; baseline 0.004 -14"><span class='ocrx_word' id='word_1_200' title='bbox 196 2022 254 2076; x_wconf 83' lang='lat' dir='ltr'><strong>fere</strong></span> <span class='ocrx_word' id='word_1_201' title='bbox 277 2021 352 2075; x_wconf 91' lang='lat' dir='ltr'><strong>cadit</strong></span> <span class='ocrx_word' id='word_1_202' title='bbox 374 2021 403 2073; x_wconf 92' lang='lat' dir='ltr'><strong>in</strong></span> <span class='ocrx_word' id='word_1_203' title='bbox 426 2023 573 2089; x_wconf 86' lang='lat' dir='ltr'><strong>cognatam</strong></span> <span class='ocrx_word' id='word_1_204' title='bbox 597 2022 813 2076; x_wconf 88' lang='lat' dir='ltr'><strong>controversiam</strong></span> <span class='ocrx_word' id='word_1_205' title='bbox 833 2023 915 2077; x_wconf 88' lang='lat' dir='ltr'><strong>dein</strong></span> <span class='ocrx_word' id='word_1_206' title='bbox 941 2025 1002 2079; x_wconf 90' lang='lat' dir='ltr'><strong>iure</strong></span> <span class='ocrx_word' id='word_1_207' title='bbox 1025 2027 1149 2079; x_wconf 86' lang='lat' dir='ltr'><strong>cessione</strong></span> 
     </span>
     <span class='ocr_line' id='line_1_27' title="bbox 196 2088 1149 2160; baseline 0.004 -19"><span class='ocrx_word' id='word_1_208' title='bbox 196 2088 362 2143; x_wconf 88' lang='lat' dir='ltr'><strong>hereditatis</strong></span> <span class='ocrx_word' id='word_1_209' title='bbox 380 2088 489 2141; x_wconf 88' lang='lat' dir='ltr'><strong>collatis</strong></span> <span class='ocrx_word' id='word_1_210' title='bbox 506 2094 530 2153; x_wconf 76' lang='lat'><strong>2,</strong></span> <span class='ocrx_word' id='word_1_211' title='bbox 550 2095 590 2143; x_wconf 82' lang='grc'><strong>37.</strong></span> <span class='ocrx_word' id='word_1_212' title='bbox 609 2090 639 2141; x_wconf 90' lang='lat' dir='ltr'><strong>et</strong></span> <span class='ocrx_word' id='word_1_213' title='bbox 655 2095 680 2153; x_wconf 83' lang='lat'><strong>3,</strong></span> <span class='ocrx_word' id='word_1_214' title='bbox 698 2095 739 2143; x_wconf 84' lang='grc'><strong>87.</strong></span> <span class='ocrx_word' id='word_1_215' title='bbox 773 2089 882 2144; x_wconf 87' lang='lat' dir='ltr'><strong>Deinde</strong></span> <span class='ocrx_word' id='word_1_216' title='bbox 904 2091 990 2145; x_wconf 89' lang='lat' dir='ltr'><strong>etiam</strong></span> <span class='ocrx_word' id='word_1_217' title='bbox 1013 2092 1149 2160; x_wconf 87' lang='lat' dir='ltr'><strong>quasdam</strong></span> 
     </span>
     <span class='ocr_line' id='line_1_28' title="bbox 196 2155 1149 2222; baseline 0.003 -12"><span class='ocrx_word' id='word_1_218' title='bbox 196 2156 344 2222; x_wconf 88' lang='lat' dir='ltr'><strong>materias,</strong></span> <span class='ocrx_word' id='word_1_219' title='bbox 367 2155 497 2210; x_wconf 78' lang='lat' dir='ltr'><strong>velutin</strong></span> <span class='ocrx_word' id='word_1_220' title='bbox 518 2156 578 2209; x_wconf 90' lang='lat' dir='ltr'><strong>iure</strong></span> <span class='ocrx_word' id='word_1_221' title='bbox 601 2157 754 2210; x_wconf 88' lang='lat' dir='ltr'><strong>cessionem</strong></span> <span class='ocrx_word' id='word_1_222' title='bbox 775 2157 940 2211; x_wconf 89' lang='lat' dir='ltr'><strong>hereditatis</strong></span> <span class='ocrx_word' id='word_1_223' title='bbox 963 2160 993 2212; x_wconf 90' lang='lat' dir='ltr'><strong>et</strong></span> <span class='ocrx_word' id='word_1_224' title='bbox 1013 2158 1149 2213; x_wconf 90' lang='lat' dir='ltr'><strong>bonorum</strong></span> 
     </span>
     <span class='ocr_line' id='line_1_29' title="bbox 196 2223 1148 2293; baseline 0.002 -15"><span class='ocrx_word' id='word_1_225' title='bbox 196 2224 414 2293; x_wconf 88' lang='lat' dir='ltr'><strong>possessionem,</strong></span> <span class='ocrx_word' id='word_1_226' title='bbox 441 2238 513 2291; x_wconf 91' lang='lat' dir='ltr'><strong>quae</strong></span> <span class='ocrx_word' id='word_1_227' title='bbox 540 2225 598 2277; x_wconf 86' lang='lat' dir='ltr'><strong>sine</strong></span> <span class='ocrx_word' id='word_1_228' title='bbox 621 2240 651 2277; x_wconf 91' lang='lat' dir='ltr'><strong>re</strong></span> <span class='ocrx_word' id='word_1_229' title='bbox 674 2223 759 2277; x_wconf 91' lang='lat' dir='ltr'><strong>datur</strong></span> <span class='ocrx_word' id='word_1_230' title='bbox 780 2224 868 2289; x_wconf 91' lang='lat' dir='ltr'><strong>(illam</strong></span> <span class='ocrx_word' id='word_1_231' title='bbox 890 2231 918 2291; x_wconf 74' lang='lat' dir='ltr'><strong>a,</strong></span> <span class='ocrx_word' id='word_1_232' title='bbox 941 2232 1050 2280; x_wconf 78' lang='lat'><strong>35-37.</strong></span> <span class='ocrx_word' id='word_1_233' title='bbox 1073 2229 1102 2280; x_wconf 88' lang='lat' dir='ltr'><strong>et</strong></span> <span class='ocrx_word' id='word_1_234' title='bbox 1123 2233 1148 2292; x_wconf 86' lang='lat'><strong>3,</strong></span> 
     </span>
     <span class='ocr_line' id='line_1_30' title="bbox 196 2290 1149 2356; baseline 0.002 -13"><span class='ocrx_word' id='word_1_235' title='bbox 196 2294 316 2345; x_wconf 79' lang='grc'><strong>83-81.1</strong></span> <span class='ocrx_word' id='word_1_236' title='bbox 335 2292 407 2344; x_wconf 89' lang='lat' dir='ltr'><strong>hanc</strong></span> <span class='ocrx_word' id='word_1_237' title='bbox 419 2296 443 2355; x_wconf 81' lang='lat'><strong>2,</strong></span> <span class='ocrx_word' id='word_1_238' title='bbox 463 2296 529 2344; x_wconf 75' lang='lat'>151⁸.</span> <span class='ocrx_word' id='word_1_239' title='bbox 543 2292 572 2343; x_wconf 89' lang='lat' dir='ltr'><strong>et</strong></span> <span class='ocrx_word' id='word_1_240' title='bbox 583 2298 607 2354; x_wconf 88' lang='grc'><strong>3,</strong></span> <span class='ocrx_word' id='word_1_241' title='bbox 620 2296 741 2356; x_wconf 80' lang='grc'>35-37),</span> <span class='ocrx_word' id='word_1_242' title='bbox 759 2290 802 2343; x_wconf 89' lang='lat' dir='ltr'><strong>bis</strong></span> <span class='ocrx_word' id='word_1_243' title='bbox 820 2294 849 2344; x_wconf 91' lang='lat' dir='ltr'><strong>et</strong></span> <span class='ocrx_word' id='word_1_244' title='bbox 860 2294 970 2345; x_wconf 91' lang='lat' dir='ltr'><strong>tantum</strong></span> <span class='ocrx_word' id='word_1_245' title='bbox 982 2308 1038 2346; x_wconf 92' lang='lat' dir='ltr'><strong>non</strong></span> <span class='ocrx_word' id='word_1_246' title='bbox 1049 2292 1149 2347; x_wconf 89' lang='lat' dir='ltr'><strong>iisdem</strong></span> 
     </span>
     <span class='ocr_line' id='line_1_31' title="bbox 197 2355 1149 2425; baseline 0.003 -14"><span class='ocrx_word' id='word_1_247' title='bbox 197 2357 291 2411; x_wconf 89' lang='lat' dir='ltr'><strong>verbis</strong></span> <span class='ocrx_word' id='word_1_248' title='bbox 310 2358 369 2411; x_wconf 88' lang='lat' dir='ltr'><strong>sine</strong></span> <span class='ocrx_word' id='word_1_249' title='bbox 387 2357 472 2410; x_wconf 90' lang='lat' dir='ltr'><strong>dubio</strong></span> <span class='ocrx_word' id='word_1_250' title='bbox 489 2372 545 2409; x_wconf 89' lang='lat' dir='ltr'><strong>nou</strong></span> <span class='ocrx_word' id='word_1_251' title='bbox 563 2355 750 2425; x_wconf 87' lang='lat' dir='ltr'><strong>explicuisset,</strong></span> <span class='ocrx_word' id='word_1_252' title='bbox 768 2358 817 2411; x_wconf 91' lang='lat' dir='ltr'><strong>sed</strong></span> <span class='ocrx_word' id='word_1_253' title='bbox 834 2374 902 2423; x_wconf 92' lang='lat' dir='ltr'><strong>rem,</strong></span> <span class='ocrx_word' id='word_1_254' title='bbox 919 2360 953 2412; x_wconf 90' lang='lat' dir='ltr'><strong>ut</strong></span> <span class='ocrx_word' id='word_1_255' title='bbox 969 2360 1039 2413; x_wconf 88' lang='lat' dir='ltr'><strong>alias</strong></span> <span class='ocrx_word' id='word_1_256' title='bbox 1056 2360 1149 2414; x_wconf 81' lang='lat' dir='ltr'><strong>facere</strong></span> 
     </span>
    </p>
   </div>
   <div class='ocr_carea' id='block_1_3' title="bbox 197 2423 1205 2564">
    <p class='ocr_par' dir='ltr' id='par_1_3' title="bbox 197 2423 1205 2564">
     <span class='ocr_line' id='line_1_32' title="bbox 197 2423 1151 2492; baseline 0.003 -14"><span class='ocrx_word' id='word_1_257' title='bbox 197 2425 283 2491; x_wconf 89' lang='lat' dir='ltr'><strong>solet,</strong></span> <span class='ocrx_word' id='word_1_258' title='bbox 304 2424 486 2477; x_wconf 73' lang='lat' dir='ltr'><strong>&#39;remittendo</strong></span> <span class='ocrx_word' id='word_1_259' title='bbox 512 2423 648 2477; x_wconf 90' lang='lat' dir='ltr'><strong>lectorem</strong></span> <span class='ocrx_word' id='word_1_260' title='bbox 674 2425 853 2492; x_wconf 87' lang='lat' dir='ltr'><strong>expediisset,</strong></span> <span class='ocrx_word' id='word_1_261' title='bbox 882 2426 936 2479; x_wconf 91' lang='lat' dir='ltr'><strong>nisi</strong></span> <span class='ocrx_word' id='word_1_262' title='bbox 962 2443 1026 2480; x_wconf 91' lang='lat' dir='ltr'><strong>cum</strong></span> <span class='ocrx_word' id='word_1_263' title='bbox 1072 2430 1151 2481; x_wconf 89' lang='lat' dir='ltr'><strong>ostea</strong></span> 
     </span>
     <span class='ocr_line' id='line_1_33' title="bbox 198 2444 1205 2564; baseline 0.002 -18"><span class='ocrx_word' id='word_1_264' title='bbox 198 2492 290 2561; x_wconf 89' lang='lat' dir='ltr'><strong>aptius</strong></span> <span class='ocrx_word' id='word_1_265' title='bbox 307 2491 379 2545; x_wconf 90' lang='lat' dir='ltr'><strong>hanc</strong></span> <span class='ocrx_word' id='word_1_266' title='bbox 396 2490 544 2544; x_wconf 87' lang='lat' dir='ltr'><strong>materiam</strong></span> <span class='ocrx_word' id='word_1_267' title='bbox 562 2491 591 2543; x_wconf 93' lang='lat' dir='ltr'><strong>in</strong></span> <span class='ocrx_word' id='word_1_268' title='bbox 604 2506 704 2547; x_wconf 91' lang='lat' dir='ltr'><strong>comm.</strong></span> <span class='ocrx_word' id='word_1_269' title='bbox 716 2492 766 2545; x_wconf 92' lang='grc'><strong>111.</strong></span> <span class='ocrx_word' id='word_1_270' title='bbox 784 2493 872 2547; x_wconf 81' lang='lat' dir='ltr'><strong>tradit</strong></span> <span class='ocrx_word' id='word_1_271' title='bbox 882 2444 1074 2561; x_wconf 50' lang='lat' dir='ltr'><strong>intellexisset),</strong></span> <span class='ocrx_word' id='word_1_272' title='bbox 1092 2495 1149 2548; x_wconf 89' lang='lat' dir='ltr'><strong>iam</strong></span> <span class='ocrx_word' id='word_1_273' title='bbox 1159 2515 1205 2564; x_wconf 68' lang='lat' dir='ltr'><strong>[aa]</strong></span> 
     </span>
    </p>
   </div>
   <div class='ocr_carea' id='block_1_4' title="bbox 197 2558 1151 2762">
    <p class='ocr_par' dir='ltr' id='par_1_4' title="bbox 197 2558 1151 2762">
     <span class='ocr_line' id='line_1_34' title="bbox 197 2558 1150 2631; baseline 0.004 -19"><span class='ocrx_word' id='word_1_274' title='bbox 197 2558 327 2612; x_wconf 89' lang='lat' dir='ltr'><strong>manibus</strong></span> <span class='ocrx_word' id='word_1_275' title='bbox 355 2558 465 2625; x_wconf 88' lang='lat' dir='ltr'><strong>elapsus</strong></span> <span class='ocrx_word' id='word_1_276' title='bbox 492 2559 564 2612; x_wconf 86' lang='lat' dir='ltr'><strong>esset</strong></span> <span class='ocrx_word' id='word_1_277' title='bbox 589 2574 690 2612; x_wconf 88' lang='lat' dir='ltr'><strong>comm.</strong></span> <span class='ocrx_word' id='word_1_278' title='bbox 714 2559 762 2626; x_wconf 84' lang='lat' dir='ltr'><strong>IL,</strong></span> <span class='ocrx_word' id='word_1_279' title='bbox 789 2562 821 2613; x_wconf 92' lang='lat' dir='ltr'><strong>ut</strong></span> <span class='ocrx_word' id='word_1_280' title='bbox 842 2561 980 2631; x_wconf 85' lang='lat' dir='ltr'><strong>corrigere</strong></span> <span class='ocrx_word' id='word_1_281' title='bbox 1003 2578 1067 2615; x_wconf 90' lang='lat' dir='ltr'><strong>eum</strong></span> <span class='ocrx_word' id='word_1_282' title='bbox 1093 2578 1150 2616; x_wconf 90' lang='lat' dir='ltr'><strong>non</strong></span> 
     </span>
     <span class='ocr_line' id='line_1_35' title="bbox 197 2624 1150 2747; baseline 0.005 -68"><span class='ocrx_word' id='word_1_283' title='bbox 197 2627 300 2747; x_wconf 74' lang='lat' dir='ltr'><strong>posset.</strong></span> <span class='ocrx_word' id='word_1_284' title='bbox 336 2624 463 2703; x_wconf 81' lang='lat' dir='ltr'><strong>Denique</strong></span> <span class='ocrx_word' id='word_1_285' title='bbox 482 2632 506 2690; x_wconf 79' lang='lat'><strong>3,</strong></span> <span class='ocrx_word' id='word_1_286' title='bbox 525 2630 566 2679; x_wconf 83' lang='lat'><strong>56.</strong></span> <span class='ocrx_word' id='word_1_287' title='bbox 584 2642 644 2679; x_wconf 90' lang='lat' dir='ltr'><strong>rem</strong></span> <span class='ocrx_word' id='word_1_288' title='bbox 663 2633 686 2691; x_wconf 87' lang='lat'><strong>1,</strong></span> <span class='ocrx_word' id='word_1_289' title='bbox 703 2632 744 2683; x_wconf 76' lang='lat'><strong>22.</strong></span> <span class='ocrx_word' id='word_1_290' title='bbox 757 2630 917 2705; x_wconf 33' lang='lat' dir='ltr'><strong>‘expositam</strong></span> <span class='ocrx_word' id='word_1_291' title='bbox 934 2631 993 2683; x_wconf 86' lang='lat' dir='ltr'><strong>tam</strong></span> <span class='ocrx_word' id='word_1_292' title='bbox 1010 2629 1076 2695; x_wconf 89' lang='lat' dir='ltr'><strong>late,</strong></span> <span class='ocrx_word' id='word_1_293' title='bbox 1093 2630 1150 2684; x_wconf 91' lang='lat' dir='ltr'><strong>imo</strong></span> 
     </span>
     <span class='ocr_line' id='line_1_36' title="bbox 210 2694 1151 2762; baseline 0.003 -15"><span class='ocrx_word' id='word_1_294' title='bbox 210 2695 282 2747; x_wconf 79' lang='lat' dir='ltr'><strong>atus</strong></span> <span class='ocrx_word' id='word_1_295' title='bbox 300 2695 418 2761; x_wconf 84' lang='lat' dir='ltr'><strong>repetit,</strong></span> <span class='ocrx_word' id='word_1_296' title='bbox 441 2709 527 2760; x_wconf 90' lang='lat' dir='ltr'><strong>quam</strong></span> <span class='ocrx_word' id='word_1_297' title='bbox 548 2708 604 2745; x_wconf 89' lang='lat' dir='ltr'><strong>non</strong></span> <span class='ocrx_word' id='word_1_298' title='bbox 622 2694 735 2760; x_wconf 90' lang='lat' dir='ltr'><strong>poterat</strong></span> <span class='ocrx_word' id='word_1_299' title='bbox 754 2695 796 2748; x_wconf 89' lang='lat' dir='ltr'><strong>rta</strong></span> <span class='ocrx_word' id='word_1_300' title='bbox 817 2696 952 2762; x_wconf 78' lang='lat' dir='ltr'><strong>scribens,</strong></span> <span class='ocrx_word' id='word_1_301' title='bbox 975 2698 1007 2749; x_wconf 89' lang='lat' dir='ltr'><strong>ut</strong></span> <span class='ocrx_word' id='word_1_302' title='bbox 1028 2697 1151 2751; x_wconf 86' lang='lat' dir='ltr'><strong>lectura</strong></span> 
     </span>
    </p>
   </div>
   <div class='ocr_carea' id='block_1_5' title="bbox 197 2800 410 2811">
    <p class='ocr_par' dir='ltr' id='par_1_5' title="bbox 197 2800 410 2811">
     <span class='ocr_line' id='line_1_37' title="bbox 197 2800 410 2811; baseline 0 -2"><span class='ocrx_word' id='word_1_303' title='bbox 197 2800 410 2811; x_wconf 74' lang='lat'><strong>——-—-</strong></span> 
     </span>
    </p>
   </div>
   <div class='ocr_carea' id='block_1_6' title="bbox 196 2844 1154 3610">
    <p class='ocr_par' dir='ltr' id='par_1_6' title="bbox 196 2844 1154 3610">
     <span class='ocr_line' id='line_1_38' title="bbox 198 2844 1151 2919; baseline 0.002 -16"><span class='ocrx_word' id='word_1_304' title='bbox 198 2856 221 2903; x_wconf 92' lang='lat' dir='ltr'><strong>in</strong></span> <span class='ocrx_word' id='word_1_305' title='bbox 237 2856 336 2903; x_wconf 81' lang='lat' dir='ltr'><strong>formam</strong></span> <span class='ocrx_word' id='word_1_306' title='bbox 352 2854 439 2903; x_wconf 88' lang='lat' dir='ltr'><strong>indicis</strong></span> <span class='ocrx_word' id='word_1_307' title='bbox 453 2850 573 2903; x_wconf 87' lang='lat' dir='ltr'><strong>redactus’</strong></span> <span class='ocrx_word' id='word_1_308' title='bbox 585 2855 657 2903; x_wconf 88' lang='lat' dir='ltr'><strong>multa</strong></span> <span class='ocrx_word' id='word_1_309' title='bbox 672 2869 724 2903; x_wconf 89' lang='lat' dir='ltr'><strong>cum</strong></span> <span class='ocrx_word' id='word_1_310' title='bbox 740 2863 790 2904; x_wconf 87' lang='lat' dir='ltr'><strong>arta</strong></span> <span class='ocrx_word' id='word_1_311' title='bbox 801 2844 904 2905; x_wconf 83' lang='lat' dir='ltr'><strong>coniecit</strong></span> <span class='ocrx_word' id='word_1_312' title='bbox 913 2857 1070 2919; x_wconf 78' lang='lat' dir='ltr'><strong>lloeclriugius</strong></span> <span class='ocrx_word' id='word_1_313' title='bbox 1080 2872 1151 2907; x_wconf 86' lang='lat' dir='ltr'><strong>suae-</strong></span> 
     </span>
     <span class='ocr_line' id='line_1_39' title="bbox 197 2923 1149 2990; baseline 0.003 -17"><span class='ocrx_word' id='word_1_314' title='bbox 197 2939 242 2988; x_wconf 86' lang='lat' dir='ltr'><strong>que</strong></span> <span class='ocrx_word' id='word_1_315' title='bbox 258 2925 309 2974; x_wconf 87' lang='lat' dir='ltr'><strong>Gaii</strong></span> <span class='ocrx_word' id='word_1_316' title='bbox 330 2926 428 2973; x_wconf 86' lang='lat' dir='ltr'><strong>editioni</strong></span> <span class='ocrx_word' id='word_1_317' title='bbox 448 2926 477 2974; x_wconf 91' lang='lat' dir='ltr'><strong>ad</strong></span> <span class='ocrx_word' id='word_1_318' title='bbox 497 2926 586 2974; x_wconf 89' lang='lat' dir='ltr'><strong>calcem</strong></span> <span class='ocrx_word' id='word_1_319' title='bbox 601 2924 696 2973; x_wconf 86' lang='lat' dir='ltr'><strong>adiecit.</strong></span> <span class='ocrx_word' id='word_1_320' title='bbox 749 2923 769 2990; x_wconf 88' lang='lat'><strong>¹)</strong></span> <span class='ocrx_word' id='word_1_321' title='bbox 785 2926 845 2975; x_wconf 86' lang='lat' dir='ltr'><strong>Sane</strong></span> <span class='ocrx_word' id='word_1_322' title='bbox 860 2941 936 2989; x_wconf 87' lang='lat' dir='ltr'><strong>nuper</strong></span> <span class='ocrx_word' id='word_1_323' title='bbox 945 2927 1097 2977; x_wconf 87' lang='lat' dir='ltr'><strong>Poleuaarius</strong></span> <span class='ocrx_word' id='word_1_324' title='bbox 1112 2928 1149 2977; x_wconf 88' lang='lat' dir='ltr'><strong>ed.</strong></span> 
     </span>
     <span class='ocr_line' id='line_1_40' title="bbox 197 2996 1150 3059; baseline 0.002 -16"><span class='ocrx_word' id='word_1_325' title='bbox 197 3010 253 3043; x_wconf 88' lang='lat' dir='ltr'><strong>suae</strong></span> <span class='ocrx_word' id='word_1_326' title='bbox 268 3011 292 3058; x_wconf 86' lang='lat' dir='ltr'><strong>p.</strong></span> <span class='ocrx_word' id='word_1_327' title='bbox 307 3006 354 3045; x_wconf 78' lang='lat' dir='ltr'><strong>aaa.</strong></span> <span class='ocrx_word' id='word_1_328' title='bbox 370 2996 413 3043; x_wconf 89' lang='lat' dir='ltr'><strong>has</strong></span> <span class='ocrx_word' id='word_1_329' title='bbox 428 2997 468 3056; x_wconf 63' lang='grc' dir='ltr'><strong>ἓξ,</strong></span> <span class='ocrx_word' id='word_1_330' title='bbox 482 3003 508 3043; x_wconf 89' lang='lat' dir='ltr'><strong>ut</strong></span> <span class='ocrx_word' id='word_1_331' title='bbox 522 2996 615 3058; x_wconf 89' lang='lat' dir='ltr'><strong>spurias</strong></span> <span class='ocrx_word' id='word_1_332' title='bbox 631 2996 715 3054; x_wconf 87' lang='lat' dir='ltr'><strong>eiecit,</strong></span> <span class='ocrx_word' id='word_1_333' title='bbox 733 2996 833 3045; x_wconf 85' lang='lat' dir='ltr'><strong>maxime</strong></span> <span class='ocrx_word' id='word_1_334' title='bbox 848 3009 869 3055; x_wconf 77' lang='lat' dir='ltr'><strong>a,</strong></span> <span class='ocrx_word' id='word_1_335' title='bbox 883 3008 916 3048; x_wconf 81' lang='lat'><strong>98.</strong></span> <span class='ocrx_word' id='word_1_336' title='bbox 933 3005 1070 3059; x_wconf 80' lang='lat' dir='ltr'><strong>argumento</strong></span> <span class='ocrx_word' id='word_1_337' title='bbox 1084 3013 1150 3047; x_wconf 87' lang='lat' dir='ltr'><strong>usus.</strong></span> 
     </span>
     <span class='ocr_line' id='line_1_41' title="bbox 197 3065 1150 3130; baseline 0.004 -17"><span class='ocrx_word' id='word_1_338' title='bbox 197 3066 244 3114; x_wconf 87' lang='lat' dir='ltr'><strong>Sed</strong></span> <span class='ocrx_word' id='word_1_339' title='bbox 259 3072 284 3113; x_wconf 88' lang='lat' dir='ltr'><strong>ut</strong></span> <span class='ocrx_word' id='word_1_340' title='bbox 298 3065 400 3114; x_wconf 83' lang='lat' dir='ltr'><strong>cassicia</strong></span> <span class='ocrx_word' id='word_1_341' title='bbox 415 3066 486 3114; x_wconf 87' lang='lat' dir='ltr'><strong>tutela</strong></span> <span class='ocrx_word' id='word_1_342' title='bbox 501 3080 547 3114; x_wconf 87' lang='lat' dir='ltr'><strong>non</strong></span> <span class='ocrx_word' id='word_1_343' title='bbox 562 3072 652 3114; x_wconf 89' lang='lat' dir='ltr'><strong>tautum</strong></span> <span class='ocrx_word' id='word_1_344' title='bbox 668 3068 712 3114; x_wconf 88' lang='lat' dir='ltr'><strong>sub</strong></span> <span class='ocrx_word' id='word_1_345' title='bbox 726 3067 831 3130; x_wconf 86' lang='lat' dir='ltr'><strong>speciem</strong></span> <span class='ocrx_word' id='word_1_346' title='bbox 846 3068 964 3129; x_wconf 78' lang='lat' dir='ltr'><strong>legitimae</strong></span> <span class='ocrx_word' id='word_1_347' title='bbox 979 3070 1066 3117; x_wconf 84' lang='lat' dir='ltr'><strong>tutelae</strong></span> <span class='ocrx_word' id='word_1_348' title='bbox 1080 3068 1150 3124; x_wconf 87' lang='lat' dir='ltr'><strong>cadit,</strong></span> 
     </span>
     <span class='ocr_line' id='line_1_42' title="bbox 197 3136 1152 3202; baseline 0.003 -17"><span class='ocrx_word' id='word_1_349' title='bbox 197 3136 239 3185; x_wconf 88' lang='lat' dir='ltr'><strong>sed</strong></span> <span class='ocrx_word' id='word_1_350' title='bbox 254 3136 325 3184; x_wconf 89' lang='lat' dir='ltr'><strong>etiam</strong></span> <span class='ocrx_word' id='word_1_351' title='bbox 340 3142 365 3184; x_wconf 90' lang='lat' dir='ltr'><strong>ut</strong></span> <span class='ocrx_word' id='word_1_352' title='bbox 379 3136 475 3199; x_wconf 85' lang='lat' dir='ltr'><strong>propria</strong></span> <span class='ocrx_word' id='word_1_353' title='bbox 490 3136 576 3185; x_wconf 87' lang='lat' dir='ltr'><strong>tutelae</strong></span> <span class='ocrx_word' id='word_1_354' title='bbox 592 3138 700 3199; x_wconf 86' lang='lat' dir='ltr'><strong>species,</strong></span> <span class='ocrx_word' id='word_1_355' title='bbox 714 3153 774 3202; x_wconf 87' lang='lat' dir='ltr'><strong>quae</strong></span> <span class='ocrx_word' id='word_1_356' title='bbox 789 3138 898 3187; x_wconf 87' lang='lat' dir='ltr'><strong>cessione</strong></span> <span class='ocrx_word' id='word_1_357' title='bbox 913 3138 1025 3198; x_wconf 77' lang='lat' dir='ltr'><strong>defertur,</strong></span> <span class='ocrx_word' id='word_1_358' title='bbox 1040 3139 1152 3188; x_wconf 86' lang='lat' dir='ltr'><strong>conside·</strong></span> 
     </span>
     <span class='ocr_line' id='line_1_43' title="bbox 196 3206 1152 3273; baseline 0.001 -17"><span class='ocrx_word' id='word_1_359' title='bbox 196 3206 244 3256; x_wconf 88' lang='lat' dir='ltr'><strong>rari</strong></span> <span class='ocrx_word' id='word_1_360' title='bbox 260 3212 347 3269; x_wconf 87' lang='lat' dir='ltr'><strong>potest,</strong></span> <span class='ocrx_word' id='word_1_361' title='bbox 366 3206 398 3255; x_wconf 87' lang='lat' dir='ltr'><strong>ita</strong></span> <span class='ocrx_word' id='word_1_362' title='bbox 414 3208 483 3255; x_wconf 85' lang='lat' dir='ltr'><strong>etiam</strong></span> <span class='ocrx_word' id='word_1_363' title='bbox 499 3207 565 3256; x_wconf 87' lang='lat' dir='ltr'><strong>dein</strong></span> <span class='ocrx_word' id='word_1_364' title='bbox 581 3207 631 3256; x_wconf 88' lang='lat' dir='ltr'><strong>iure</strong></span> <span class='ocrx_word' id='word_1_365' title='bbox 651 3209 759 3257; x_wconf 90' lang='lat' dir='ltr'><strong>cessione</strong></span> <span class='ocrx_word' id='word_1_366' title='bbox 773 3209 912 3257; x_wconf 88' lang='lat' dir='ltr'><strong>hereditatis</strong></span> <span class='ocrx_word' id='word_1_367' title='bbox 927 3209 1085 3259; x_wconf 77' lang='lat' dir='ltr'><strong>diversimode</strong></span> <span class='ocrx_word' id='word_1_368' title='bbox 1099 3216 1152 3273; x_wconf 90' lang='lat' dir='ltr'><strong>pot·</strong></span> 
     </span>
     <span class='ocr_line' id='line_1_44' title="bbox 197 3277 1154 3341; baseline 0.002 -16"><span class='ocrx_word' id='word_1_369' title='bbox 197 3286 234 3326; x_wconf 86' lang='lat' dir='ltr'><strong>est</strong></span> <span class='ocrx_word' id='word_1_370' title='bbox 248 3277 357 3326; x_wconf 88' lang='lat' dir='ltr'><strong>iudicari.</strong></span> <span class='ocrx_word' id='word_1_371' title='bbox 386 3277 427 3325; x_wconf 90' lang='lat' dir='ltr'><strong>llle</strong></span> <span class='ocrx_word' id='word_1_372' title='bbox 442 3278 493 3341; x_wconf 86' lang='lat' dir='ltr'><strong>ipse</strong></span> <span class='ocrx_word' id='word_1_373' title='bbox 508 3292 564 3327; x_wconf 89' lang='lat' dir='ltr'><strong>vero</strong></span> <span class='ocrx_word' id='word_1_374' title='bbox 579 3279 677 3328; x_wconf 88' lang='lat' dir='ltr'><strong>secundi</strong></span> <span class='ocrx_word' id='word_1_375' title='bbox 691 3280 745 3329; x_wconf 88' lang='lat' dir='ltr'><strong>libri</strong></span> <span class='ocrx_word' id='word_1_376' title='bbox 760 3280 827 3328; x_wconf 88' lang='lat' dir='ltr'><strong>locus</strong></span> <span class='ocrx_word' id='word_1_377' title='bbox 843 3280 913 3328; x_wconf 87' lang='lat' dir='ltr'><strong>eliam</strong></span> <span class='ocrx_word' id='word_1_378' title='bbox 928 3279 1061 3329; x_wconf 86' lang='lat' dir='ltr'><strong>evidentius</strong></span> <span class='ocrx_word' id='word_1_379' title='bbox 1076 3281 1154 3341; x_wconf 80' lang='lat' dir='ltr'><strong>arguit</strong></span> 
     </span>
     <span class='ocr_line' id='line_1_45' title="bbox 196 3348 1152 3413; baseline 0.002 -17"><span class='ocrx_word' id='word_1_380' title='bbox 196 3349 234 3407; x_wconf 88' lang='lat' dir='ltr'><strong>id,</strong></span> <span class='ocrx_word' id='word_1_381' title='bbox 253 3348 317 3411; x_wconf 90' lang='lat' dir='ltr'><strong>quod</strong></span> <span class='ocrx_word' id='word_1_382' title='bbox 332 3348 360 3397; x_wconf 89' lang='lat' dir='ltr'><strong>de</strong></span> <span class='ocrx_word' id='word_1_383' title='bbox 375 3348 466 3397; x_wconf 88' lang='lat' dir='ltr'><strong>ratione</strong></span> <span class='ocrx_word' id='word_1_384' title='bbox 485 3349 547 3397; x_wconf 87' lang='lat' dir='ltr'><strong>inter</strong></span> <span class='ocrx_word' id='word_1_385' title='bbox 566 3364 619 3398; x_wconf 91' lang='lat' dir='ltr'><strong>eum</strong></span> <span class='ocrx_word' id='word_1_386' title='bbox 639 3356 662 3398; x_wconf 87' lang='lat' dir='ltr'><strong>et</strong></span> <span class='ocrx_word' id='word_1_387' title='bbox 680 3351 775 3398; x_wconf 88' lang='lat' dir='ltr'><strong>tertium</strong></span> <span class='ocrx_word' id='word_1_388' title='bbox 794 3351 879 3399; x_wconf 89' lang='lat' dir='ltr'><strong>librum</strong></span> <span class='ocrx_word' id='word_1_389' title='bbox 899 3351 1061 3400; x_wconf 87' lang='lat' dir='ltr'><strong>intercedente</strong></span> <span class='ocrx_word' id='word_1_390' title='bbox 1081 3365 1152 3413; x_wconf 84' lang='lat' dir='ltr'><strong>supra</strong></span> 
     </span>
     <span class='ocr_line' id='line_1_46' title="bbox 197 3418 1153 3484; baseline 0.001 -17"><span class='ocrx_word' id='word_1_391' title='bbox 197 3420 330 3468; x_wconf 87' lang='lat' dir='ltr'><strong>statuimus.</strong></span> <span class='ocrx_word' id='word_1_392' title='bbox 360 3420 495 3483; x_wconf 83' lang='lat' dir='ltr'><strong>Quanquam</strong></span> <span class='ocrx_word' id='word_1_393' title='bbox 511 3418 582 3469; x_wconf 85' lang='lat' dir='ltr'><strong>Gaius</strong></span> <span class='ocrx_word' id='word_1_394' title='bbox 597 3421 668 3469; x_wconf 91' lang='lat' dir='ltr'><strong>nimis</strong></span> <span class='ocrx_word' id='word_1_395' title='bbox 682 3420 795 3469; x_wconf 85' lang='lat' dir='ltr'><strong>molestos</strong></span> <span class='ocrx_word' id='word_1_396' title='bbox 809 3428 864 3484; x_wconf 89' lang='lat' dir='ltr'><strong>post</strong></span> <span class='ocrx_word' id='word_1_397' title='bbox 877 3432 898 3482; x_wconf 81' lang='lat'><strong>2,</strong></span> <span class='ocrx_word' id='word_1_398' title='bbox 909 3432 942 3471; x_wconf 83' lang='lat' dir='ltr'><strong>aa.</strong></span> <span class='ocrx_word' id='word_1_399' title='bbox 962 3422 1044 3470; x_wconf 89' lang='lat' dir='ltr'><strong>mutati</strong></span> <span class='ocrx_word' id='word_1_400' title='bbox 1059 3420 1153 3470; x_wconf 89' lang='lat' dir='ltr'><strong>consilii</strong></span> 
     </span>
     <span class='ocr_line' id='line_1_47' title="bbox 197 3489 1153 3555; baseline 0.001 -18"><span class='ocrx_word' id='word_1_401' title='bbox 197 3489 370 3538; x_wconf 87' lang='lat' dir='ltr'><strong>obtrectatores</strong></span> <span class='ocrx_word' id='word_1_402' title='bbox 386 3504 414 3539; x_wconf 86' lang='lat' dir='ltr'><strong>ao</strong></span> <span class='ocrx_word' id='word_1_403' title='bbox 429 3490 499 3539; x_wconf 88' lang='lat' dir='ltr'><strong>ctiam</strong></span> <span class='ocrx_word' id='word_1_404' title='bbox 514 3491 616 3540; x_wconf 79' lang='lat' dir='ltr'><strong>refutare</strong></span> <span class='ocrx_word' id='word_1_405' title='bbox 627 3498 728 3555; x_wconf 88' lang='lat' dir='ltr'><strong>poterat,</strong></span> <span class='ocrx_word' id='word_1_406' title='bbox 743 3491 805 3555; x_wconf 88' lang='lat' dir='ltr'><strong>quod</strong></span> <span class='ocrx_word' id='word_1_407' title='bbox 815 3492 924 3540; x_wconf 87' lang='lat' dir='ltr'><strong>cessione</strong></span> <span class='ocrx_word' id='word_1_408' title='bbox 935 3507 1027 3555; x_wconf 79' lang='lat' dir='ltr'><strong>quoque</strong></span> <span class='ocrx_word' id='word_1_409' title='bbox 1041 3489 1153 3540; x_wconf 82' lang='lat' dir='ltr'><strong>‘heredes</strong></span> 
     </span>
     <span class='ocr_line' id='line_1_48' title="bbox 197 3557 387 3610; baseline 0 -1"><span class='ocrx_word' id='word_1_410' title='bbox 197 3559 269 3609; x_wconf 88' lang='lat' dir='ltr'><strong>alicui</strong></span> <span class='ocrx_word' id='word_1_411' title='bbox 283 3557 387 3610; x_wconf 85' lang='lat' dir='ltr'><strong>fiamus&#39;.</strong></span> 
     </span>
    </p>
   </div>
   <div class='ocr_carea' id='block_1_7' title="bbox 0 0 1280 4000">
    <p class='ocr_par' dir='ltr' id='par_1_7' title="bbox 0 0 1280 4000">
     <span class='ocr_line' id='line_1_49' title="bbox 0 0 1280 4000; baseline 0 0"><span class='ocrx_word' id='word_1_412' title='bbox 0 0 1280 4000; x_wconf 95' lang='lat' dir='ltr'><strong> </strong></span> 
     </span>
    </p>
   </div>
  </div>
 </body>
</html>
