2550 4000
407 214 468 250 een
486 215 581 254 rusmr.
600 197 622 250 Ι.
644 202 753 252 14-19.
999 198 1061 263 175

87 374 185 414 noxam
216 359 340 431 quaestio
363 360 509 415 tormentis
531 357 620 413 habita
649 359 699 427 sit,
729 367 758 413 et
779 359 807 413 in
830 374 862 414 ea
884 374 955 414 noxa
976 357 1061 414 luisse

87 444 207 500 conuicti
223 447 289 515 siut,
306 442 397 517 'quiue
413 436 470 523 (ui)
487 436 551 499 aut¹
568 442 643 498 lerro
666 450 712 497 aut
728 458 788 498 curu
811 441 906 499 bestiis
921 443 1061 517 depugna·

87 535 162 600 rent,
180 527 271 584 traditi
286 530 352 598 sint,
374 531 437 585 inne
452 528 546 585 ludum
561 527 750 584 custodiamue
765 527 882 585 coniecti
897 527 1011 600 luerint,
1032 535 1062 583 et

87 621 185 687 postea
195 612 241 668 uel
253 615 286 668 ab
298 615 395 669 eodem
408 613 518 669 domino
529 612 574 668 uel
587 611 619 667 alt
628 611 856 683 aliomauumissi,
869 611 989 667 ciusdem
997 627 1061 668 con·

88 698 205 755 dicionis
217 696 295 754 liberi
311 695 393 770 liant,
411 700 488 754 cuius
500 697 669 754 condicionis
683 706 748 752 sunt
763 690 915 771 peregriui²
930 695 1060 752 dediticii.

153 783 184 839 V.
228 793 263 841 lle
291 793 425 857 peregrinis
454 793 584 842 dediticiis.
627 778 674 838 14.
699 782 837 838 Voeauiur
865 789 954 837 aulem
983 796 1061 854 pere·

89 868 162 942 griui
183 866 301 924 dediticii
327 868 370 939 hi,
395 869 441 942 qui
463 867 599 942 quondam
615 867 751 930 aduersus
763 865 895 940 populum
911 866 1061 922 Romanum

89 953 172 1011 armis
193 955 328 1027 susceptis
349 961 543 1027 pugnauerunt
558 951 595 1008 'ei
618 951 715 1007 deinde
736 944 821 1007 uictl³
841 967 871 1008 sc
886 949 1058 1007 dediderunt.

88 1033 134 1093 15.
150 1035 237 1092 liuius
252 1054 320 1110 ergo
338 1038 512 1112 turpitudinis
528 1053 625 1093 seruos
643 1052 815 1110 quocumque
827 1035 909 1091 modo
926 1044 953 1091 et
968 1036 1060 1091 cuius·

89 1137 206 1195 cumque
218 1124 315 1178 aetatis
327 1124 517 1193 manumissos,
532 1122 585 1178 etsi
596 1120 679 1195 pleno
691 1122 751 1176 iure
762 1121 934 1177 dominorum
947 1119 1060 1192 luerint,

88 1223 236 1280 numquam
259 1215 305 1264 aut
328 1208 402 1264 ciues
416 1207 552 1263 Romanos
576 1215 622 1262 aut
644 1205 755 1260 latinos
778 1203 837 1261 lieri
859 1205 991 1275 dicemus,
1011 1202 1060 1258 sed

90 1291 248 1348 omnimodo
264 1291 452 1348 dediticiorum
467 1307 581 1347 numero
599 1290 730 1347 constitui
744 1289 947 1363 intellegemus.

23 1387 80 1442 [104]
154 1370 200 1432 16.
225 1375 253 1432 Si
268 1393 334 1433 uero
350 1377 376 1433 in
393 1377 466 1433 nulla
483 1376 528 1433 tali
545 1374 716 1450 turpitudine
731 1376 767 1431 sit
781 1390 889 1445 seruus,
910 1373 1061 1429 manumis-

89 1477 151 1518 sum
173 1459 255 1517 modo
279 1463 365 1518 ciuem
388 1461 554 1532 Romanum,
581 1461 664 1517 modo
686 1459 811 1516 latinum
839 1457 896 1516 lieri
919 1451 1060 1536 dicclmus.
1073 1465 1097 1514 4.

89 1542 134 1605 1⁷.
156 1546 220 1602 Nam
236 1548 264 1602 in
279 1548 356 1602 cuius
372 1563 489 1621 persona
512 1547 564 1602 tria
587 1546 654 1602 haec
676 1551 855 1615 concurrunt,
877 1551 908 1600 ut
923 1544 1009 1600 maior
1023 1544 1061 1598 sit

89 1646 222 1688 annorum
243 1633 368 1705 triginta,
390 1639 418 1688 et
441 1648 473 1686 ex
495 1631 555 1686 iure
578 1629 722 1698 Quiritium
745 1630 864 1699 domini,
887 1636 915 1684 et
936 1630 1008 1684 iusta
1030 1644 1061 1684 ac

88 1717 211 1790 legitima
234 1717 447 1772 manumissione
463 1714 602 1786 liberetur,
619 1715 646 1771 id
663 1723 705 1770 est
720 1714 839 1770 uindicta
856 1721 902 1768 aut
914 1729 998 1769 censu
1014 1720 1061 1768 aut

89 1809 265 1874 testamento,
286 1801 310 1856 is
330 1803 397 1858 ciuis
412 1802 548 1858 Romanus
571 1798 617 1870 iit3
641 1800 683 1855 siu
698 1816 765 1855 nero
781 1797 883 1872 aliquid
899 1813 994 1853 eorum
1015 1795 1060 1852 de-

88 1886 364 1958 eunnaonaseut.
1017 1858 1044 1958 ἶ

152 1971 185 2029 V.
221 1980 254 2031 lle
288 1978 489 2033 manumissioue⁴
520 1982 559 2031 uel
592 1998 680 2033 causae
713 1981 864 2044 probatione.
909 1966 954 2028 18.
983 1964 1060 2034 Quod

42 2118 46 2127 ¹
89 2064 183 2112 autem
211 2057 244 2112 de
271 2066 360 2114 aetate
383 2059 457 2113 serui
478 2055 644 2130 requiritur,
673 2058 734 2129 lege
757 2057 831 2111 Aelia
853 2056 946 2111 Sentia
974 2055 1061 2109 iutro·

89 2140 203 2197 ductum
226 2150 275 2200 est.
311 2159 371 2198 nam
388 2158 417 2198 ea
440 2142 482 2198 ier
501 2143 619 2197 missores
640 2160 704 2199 xxx
732 2157 865 2196 annorum
887 2136 984 2195 seruos
1004 2153 1061 2192 non

45 2234 48 2239 ’
88 2226 170 2282 aliter
184 2226 271 2284 uoluit
286 2227 466 2284 manumissos
477 2228 549 2283 ciues
561 2224 697 2282 Romanos
713 2223 782 2295 lieri,
799 2240 879 2299 quam
895 2225 918 2279 si
932 2220 1060 2294 uindicta,

89 2310 162 2384 apud
177 2313 319 2369 consilium
340 2314 411 2368 iusta
427 2327 509 2368 causa
525 2312 743 2368 manumissionis
764 2307 930 2383 adprobata,
953 2306 1061 2363 liberati

89 2395 203 2453 luerint.
246 2394 292 2455 19.
315 2397 389 2453 iusta
410 2406 499 2454 autem
520 2413 600 2454 causa
622 2395 841 2452 manumissionis
862 2402 905 2450 est
927 2391 1012 2448 ueluti
1038 2391 1062 2446 si

90 2482 151 2554 quis
177 2479 262 2537 illium
288 2479 406 2538 filiamue
432 2490 479 2538 aut
504 2482 615 2538 iratrcm
641 2496 801 2538 sororcmue
824 2478 992 2551 naturalem,
1015 2484 1062 2531 aut

166 2646 187 2717 1)
203 2650 291 2713 quique
307 2656 347 2698 aut
362 2649 386 2700 C.
401 2653 488 2716 quique
503 2658 528 2700 ui
538 2652 594 2702 edd.
606 2652 679 2716 quiae
695 2658 722 2699 at
731 2666 766 2699 ese
778 2649 884 2700 Goescd.
894 2650 926 2711 cj.
936 2646 976 2696 ed.
987 2644 1060 2694 Siod.

89 2717 112 2787 ²)
132 2721 223 2771 Erant
237 2722 304 2769 enim
318 2721 393 2770 etiam
412 2724 516 2788 qnidam
531 2725 600 2772 cives
619 2722 748 2782 dediticii,
767 2723 836 2770 velut
854 2722 915 2770 olim
931 2717 1061 2780 Campani.

90 2789 114 2859 ⁸)
123 2792 172 2842 Sic
183 2790 314 2843 troesenen
324 2800 349 2842 et
362 2788 414 2854 W,
425 2810 576 2859 quemqnam
587 2801 610 2842 et
619 2809 712 2843 errore
717 2794 854 2855 perducto.
871 2790 957 2839 deinde
968 2795 994 2835 ui
1003 2786 1062 2835 nicil

89 2871 146 2914 suni
161 2863 194 2913 de
207 2863 312 2914 boehm.
328 2866 359 2927 ej.
373 2866 412 2917 ed.
426 2864 473 2931 Bp.
494 2866 580 2915 delude
597 2871 680 2914 autem
699 2867 762 2929 (pro
777 2870 801 2911 ei
816 2860 914 2927 deinde)
928 2860 968 2909 cd.
983 2856 1032 2923 Bp.
1043 2867 1062 2907 o.

91 2932 114 3001 ⁴)
129 2934 205 2984 Haec
219 2936 358 2999 inscriptio
369 2937 486 3000 fortusse
496 2937 657 2999 proditorem
666 2937 803 2999 particula
813 2940 892 2983 antem
903 2932 938 2997 (§·
950 2943 975 2982 18
985 2926 1062 2993 init),

12 3036 15 3041 -
91 3006 141 3056 itoc
160 3008 217 3057 loco
236 3008 263 3056 in
280 3007 305 3058 0.
324 3008 464 3071 excidisse,
484 3023 549 3073 quoe
568 3008 600 3057 de
615 3008 814 3058 manumissione
829 3005 955 3063 vindicta,
974 3016 1061 3059 censu,

92 3084 241 3128 testamento
263 3077 345 3127 Gaius
364 3087 392 3128 nt
415 3078 470 3143 Uip.
490 3082 513 3138 1,
534 3082 603 3128 7-9
620 3080 678 3128 sine
697 3078 775 3128 dnbio
795 3080 869 3127 circo
888 3076 990 3125 initium
1009 3088 1063 3123 ma·

92 3150 177 3199 ieriae
194 3151 324 3214 esposuit.
365 3150 402 3213 Of.
421 3153 448 3209 1,
467 3153 522 3201 120.

165 3312 188 3385 ξ.
204 3318 245 3367 14.
270 3317 307 3381 Cf.
322 3316 353 3367 E.
364 3316 487 3367 Hoseltlce
500 3318 595 3367 Censen
608 3334 631 3369 o.
643 3316 801 3379 Sieueroerf.
807 3332 834 3379 p.
845 3328 943 3379 1euseq.
979 3308 1005 3378 §-
1023 3312 1062 3359 15.

94 3388 132 3451 Of.
151 3390 284 3450 §§.1r.aa.
321 3384 736 3455 §.16.0s.ii.uostrt.s.1s.
774 3383 798 3455 §-
816 3389 856 3437 17.
878 3386 915 3448 Cf.
943 3382 997 3445 Uip.
1008 3393 1029 3441 1,
1043 3391 1063 3430 a.

93 3470 223 3510 10.12.1o.
242 3459 274 3507 L.
291 3471 323 3511 11.
342 3458 366 3510 0.
377 3460 408 3508 de
423 3465 473 3510 aci.
489 3463 566 3524 empti
581 3457 667 3525 (nes).
705 3454 729 3526 ξ.
746 3459 786 3508 18.
803 3458 839 3520 Os.
859 3456 997 3519 Ulp.1‚12.
1019 3451 1062 3502 Fr.

92 3530 194 3582 Desilit.
205 3542 237 3581 re.
255 3530 305 3581 Cic.
317 3545 369 3592 pro
379 3529 462 3580 Balbo
472 3543 492 3582 e.
507 3532 534 3582 L.
545 3544 570 3583 rc
581 3548 625 3594 pr.
637 3532 670 3579 D.
685 3531 717 3580 de
726 3544 835 3579 monum.
848 3528 918 3579 vind.
930 3524 975 3591 (40,
985 3523 1015 3586 2).
1029 3522 1061 3571 L.

93 3613 126 3653 it.
136 3602 168 3653 D.
179 3603 211 3651 de
220 3617 330 3653 manum.
342 3609 398 3651 tesi.
410 3600 455 3667 (40,
465 3599 496 3668 e).
521 3604 571 3664 lege
587 3602 652 3651 delia
665 3596 759 3666 Sentis]
774 3616 798 3649 a.
807 3611 827 3649 s.
857 3594 881 3665 ξ,
893 3600 933 3648 19.
951 3597 988 3659 Cf.
998 3597 1021 3656 ἓ,
1030 3604 1064 3643 89-
