2550 4000
421 229 482 265 tull
501 229 604 270 russia.
623 211 658 266 II.
678 217 771 270 9-14.
1016 211 1079 277 223

38 384 42 393 ·
110 371 182 425 muri
211 378 239 426 et
263 381 376 444 portae,
405 371 606 444 quodammodo
628 373 715 428 diuini
739 372 806 428 iuris
827 379 906 428 sunt.
949 367 979 429 9.
1000 369 1079 438 Quod

109 463 204 510 autem
219 455 308 512 diuini
322 457 456 528 iniisset,
477 457 504 512 id
519 457 620 513 nullius
635 459 662 513 io
678 457 757 513 bona
777 465 834 513 est:
857 455 886 512 id
905 471 982 527 uero,
1004 455 1079 530 quod

109 539 220 595 humani
241 535 246 611 Ι
268 532 359 597 ¹iuris
374 549 425 611 est,
441 544 611 615 plerumque
626 544 753 599 alicuius
765 545 796 598 in
811 543 893 598 ionis
906 548 965 608 eet3
983 548 1128 612 potestas.

111 631 209 680 antem
225 632 252 680 et
267 629 377 682 nultius
392 627 422 683 in
437 628 518 684 bonis
532 642 610 683 esse.-
624 645 693 684 nant
708 642 758 683 ree
771 627 980 696 hereditariae,
995 633 1077 681 ante·
1086 621 1105 662 ‘·
1118 629 1136 660 ⁸·

111 727 199 782 quam
214 713 320 782 aliquis
333 712 421 768 heres
436 715 554 781 existat,
574 713 683 769 nultius
695 716 726 768 in
741 713 822 768 tonis
835 719 912 769 sunt.

23 791 26 844 ἒ
109 811 155 850 vv.
173 793 230 849 iere
245 794 264 851 8
280 804 432 836 ·'——-—-—
447 811 482 851 ne
497 795 619 852 domiuo.
657 793 705 854 lo.
728 795 785 852 Hae
798 805 888 852 autem
903 786 992 873 (ree),
1008 810 1079 866 quae

21 881 24 960 f
109 878 224 933 humani
239 881 304 936 iuris
319 889 394 952 suot,
410 889 461 938 aut
474 879 609 951 publicae
628 889 696 937 suot
714 890 762 937 aut
781 882 912 954 priuatae.
946 877 988 936 11.
1004 878 1079 947 Quae

111 961 238 1036 publicae
253 974 326 1036 sunt,
342 964 447 1023 nullius
462 965 593 1022 uidentur
607 966 725 1022 inbonis
738 981 814 1032 esse3
829 966 915 1039 ipsius
930 967 1002 1021 enim
1017 965 1077 1020 uui·

111 1049 250 1104 uersitatis
272 1065 333 1106 esse
359 1050 520 1107 creduntur.
564 1051 686 1124 priuatae
705 1059 787 1121 sunt,
813 1065 881 1124 quae
905 1049 1078 1124 singulorum

110 1128 375 1192 'hominum2sunn
447 1200 451 1208 ¹

176 1213 220 1276 12.
248 1217 384 1285 Quaedam
409 1229 550 1293 praeterea
578 1235 622 1276 ces
650 1219 807 1294 corporales
835 1227 918 1288 sont,
949 1218 1079 1290 quaedam

108 1302 311 1376 incorporales.
347 1301 392 1363 18.
415 1300 621 1380 (Corporales)
645 1305 695 1360 hae
710 1297 815 1382 (eant),
836 1320 906 1376 quse
924 1303 1000 1377 tangi
1015 1319 1079 1377 pos·

112 1396 191 1458 suut,
207 1386 282 1445 uelut
297 1388 406 1459 fundus,
424 1390 515 1454 homo,
533 1379 749 1459 uestisaurum,
765 1397 909 1462 argentum
919 1395 949 1443 et
962 1387 1080 1462 dacique

111 1472 184 1528 aliae
205 1489 249 1529 res
271 1474 491 1531 innumerabiles.
527 1471 572 1531 14.
595 1472 786 1548 Incorporaies
806 1480 888 1543 sunt,
910 1489 987 1545 quae
1003 1473 1079 1546 tangi

110 1573 168 1613 nou
184 1567 315 1631 possunt,
332 1558 423 1632 qualia
437 1568 502 1615 suut
516 1575 556 1629 ea,
573 1575 643 1633 quae
657 1551 741 1635 ’(in)³
754 1560 814 1615 iure
828 1559 994 1628 comittunt,
1008 1559 1080 1614 sicut

111 1642 261 1712 hereditas,
277 1643 459 1714 ususfructus,
484 1643 664 1718 obligationes
686 1659 799 1716 quoquo
817 1643 899 1699 modo
914 1651 1079 1702 contractae.

110 1743 164 1784 nec
180 1727 213 1783 ad
227 1743 284 1785 rem
301 1721 444 1806 per(tinet,
458 1731 535 1802 quad
544 1732 574 1784 in
586 1729 748 1785 hereditate
759 1743 808 1784 res
817 1731 989 1800 corporatae
998 1719 1079 1804 con}

188 1877 211 1946 1)
223 1881 325 1930 Abhinc
344 1882 384 1942 ἐξ.
399 1891 483 1932 s-tt.
498 1882 632 1931 restitutae
651 1889 711 1930 sunt
728 1895 764 1930 ea
777 1879 809 1930 Ι..
824 1893 844 1930 1.
864 1879 897 1930 D.
912 1881 945 1930 de
959 1895 1013 1929 rer.
1026 1878 1079 1928 dio.

112 1953 145 2019 (1,
160 1949 184 2017 8)
199 1959 223 2002 et
242 1954 280 2002 tit.
296 1951 366 2002 Lde
384 1951 437 2003 reb.
453 1967 523 2017 corp.
543 1951 576 2019 (t,
590 1950 622 2017 u).
656 1952 776 2017 Apparet
789 1967 851 2003 aera
869 1952 947 2017 idque
965 1967 1000 2003 ea
1023 1950 1052 2001 V
1052 1949 1080 1999 ⁸1.

113 2026 233 2089 apertius
248 2024 349 2086 factum
367 2030 418 2081 eet,
436 2040 468 2074 ea
487 2040 552 2089 qaae
567 2026 643 2074 initia
654 2040 683 2087 p.
696 2034 732 2075 to.
759 2025 881 2073 'restituta
894 2031 955 2073 eunt
968 2038 1004 2073 ea·
1018 2022 1081 2073 [net.

113 2104 139 2147 et
153 2096 224 2161 1³59..
239 2110 290 2145 non
303 2096 426 2159 sufficere
440 2096 477 2145 ad
489 2096 633 2159 explendae
647 2095 767 2144 undecim
781 2096 888 2158 priores
901 2109 992 2143 cereus
1005 2094 1083 2143 nutas

109 2184 174 2233 pap.
192 2167 261 2234 (nam
275 2183 291 2216 a
306 2182 328 2216 u.
344 2179 382 2225 12,
402 2169 477 2216 cuias
496 2168 598 2217 initium
616 2173 655 2215 eet
669 2180 699 2229 pe
714 2166 819 2227 domm,
838 2166 967 2228 incipiunt
980 2166 1082 2227 suppte-

114 2246 199 2289 menta
213 2237 455 2303 Studemundiana).
493 2238 585 2302 Itaque
601 2236 746 2287 Iustiniani
759 2236 904 2299 prudentae
918 2249 1009 2285 versut
1023 2236 1083 2298 fere

114 2317 173 2371 octo
193 2310 355 2367 reciderunt,
379 2310 466 2374 idque,
487 2316 516 2369 ut,
532 2308 610 2359 verba
625 2310 674 2357 ilia
691 2323 721 2371 ue
739 2308 836 2357 domiuo
853 2314 1006 2373 arpumento
1023 2314 1084 2357 tunt

113 2397 159 2440 eo,
174 2396 246 2445 quern
262 2381 378 2430 indicaui
392 2383 456 2431 loca.
489 2379 563 2441 Quod
577 2382 747 2444 confirmatur
759 2378 830 2443 [ipit.
845 2392 867 2437 2,
882 2392 902 2431 1.
917 2392 937 2431 1.
957 2379 1000 2429 die
1017 2394 1083 2443 qaae

113 2454 230 2503 distineri
244 2452 343 2501 verbis:
359 2448 428 2502 ‘Sed
441 2459 466 2501 et
479 2467 522 2501 res
540 2452 731 2511 hereditariae,
748 2458 885 2516 antequam
899 2452 995 2515 aliquis
1007 2451 1084 2501 lieres

113 2526 226 2581 existat,
246 2523 279 2571 id
296 2530 343 2573 est
365 2521 449 2589 (auti)
468 2524 593 2589 qnando
613 2522 796 2583 dubitatur,
815 2531 919 2573 atrum
936 2525 1084 2586 scriptus

114 2611 156 2645 an
171 2595 335 2659 tepitimns
349 2594 441 2644 neree
455 2595 631 2645 succedere
646 2594 773 2653 debeat,
788 2596 815 2643 in
830 2596 927 2643 nultius
941 2594 1015 2643 bonas
1028 2607 1097 2645 etse.

115 2662 259 2715 uidentnr’.
289 2664 331 2715 Ea
341 2667 406 2714 enim
417 2668 532 2730 quamvis
542 2668 626 2729 inepte
635 2666 753 2715 adhibita
763 2666 867 2715 nonani
877 2680 912 2714 ea*
925 2663 991 2713 Gaio
1000 2670 1084 2712 sramte

115 2750 174 2787 esee
184 2744 302 2800 possunt.
327 2736 419 2801 Itaque
432 2739 561 2801 suspicor,
575 2736 644 2787 nanc
654 2737 714 2801 sere
727 2738 784 2786 eius
794 2736 948 2786 sententiam
957 2736 1085 2798 periisse:

117 2806 184 2859 ‘Sed
197 2810 273 2858 etiam
287 2815 406 2858 exstante
420 2823 467 2858 sao
481 2815 506 2857 et
519 2810 668 2858 necessario
682 2807 785 2865 herede,
799 2808 870 2855 uelut
880 2806 946 2867 filio,
961 2807 1006 2869 qui
1019 2806 1084 2854 atio-

115 2881 180 2945 qua'n
199 2882 285 2929 statim
304 2894 360 2929 eum
379 2881 490 2929 moritur
504 2886 596 2942 pater,
614 2878 691 2928 neree
709 2894 741 2927 ac
759 2878 878 2927 domium
893 2882 943 2934 eet,
962 2878 988 2927 ei
1000 2883 1084 2927 tamen

115 2955 245 3001 incertum
258 2952 305 3008 sit,
325 2958 410 3001 utrum
424 2966 459 3001 ea
472 2957 621 3001 testamento
634 2951 751 3013 scriptus
768 2964 803 2997 an
821 2950 942 2998 intestato
956 2950 1085 3015 legitimus

114 3024 193 3073 lieres
207 3024 255 3081 cit,
274 3022 427 3087 aetutquod
436 3029 571 3085 postumus
583 3036 648 3070 suus
666 3020 742 3069 neree
759 3025 907 3069 testamento
921 3022 1085 3083 praeteritus

114 3101 299 3158 exspectatur,
319 3109 368 3158 quo
388 3101 448 3143 nato
466 3094 568 3144 scilicet
580 3099 756 3142 testamentum
769 3093 907 3155 rumpitur,
925 3108 969 3143 ree
982 3093 1084 3143 neredi-

114 3167 205 3216 tariae
219 3167 320 3215 interea
334 3172 394 3215 sant
408 3167 462 3214 cine
477 3161 594 3215 domino’.
630 3164 669 3226 Cf.
684 3162 716 3213 Ι..
730 3175 765 3215 84.
784 3163 818 3212 D.
832 3164 865 3213 de
878 3168 980 3229 acquir.
994 3162 1083 3215 iered.

115 3236 169 3302 (29,
184 3234 215 3302 a).
282 3233 303 3300 ⁹)
322 3235 367 3285 Ean
385 3236 475 3300 Suppi.
494 3235 532 3286 St.
547 3252 575 3299 p.
595 3234 720 3285 XXVII.
796 3231 881 3300 ⁸)Ea
898 3234 963 3287 Inet.
982 3233 1083 3285 addidi.

119 3307 220 3357 Omittit
234 3308 274 3357 ed.
289 3307 338 3357 Kr.
353 3319 373 3357 2.

192 3455 216 3527 ξ.
233 3462 257 3509 9.
279 3460 391 3521 Cf.§.t.
412 3458 504 3507 Leod.
564 3452 608 3525 ἓξ.
625 3459 668 3507 10.
685 3462 725 3509 11.
748 3458 786 3520 Cf.
806 3456 865 3506 L.1
881 3470 928 3516 pr.
941 3454 973 3502 L.
989 3464 1008 3501 2.
1024 3454 1049 3513 ξ.
1064 3464 1083 3501 1.

117 3532 152 3579 1).
169 3531 201 3579 de
215 3530 309 3580 interd.
325 3528 370 3595 (ts,
385 3528 417 3593 1).
446 3529 477 3578 L.
494 3540 527 3581 15.
542 3528 575 3577 D.
590 3529 622 3577 de
636 3528 706 3578 vera
721 3530 789 3592 ripn.
805 3526 850 3588 (eo,
865 3523 909 3587 tt).
937 3523 970 3571 l..
984 3534 1005 3572 e.
1025 3524 1048 3582 ξ.
1064 3534 1084 3570 1.

118 3602 152 3651 D.
168 3602 200 3650 de
215 3616 268 3651 rer.
283 3602 334 3650 dia.
350 3600 381 3665 (1,
396 3600 428 3665 8).
479 3596 693 3667 §§.12-14.=
708 3595 788 3645 dial.
804 3591 903 3678 cte-reo.
919 3607 991 3652 corp.
1006 3590 1038 3653 (s,
1053 3587 1084 3645 a).
