2550 4000
196 185 260 248 164
630 204 717 240 omre.

194 326 267 391 Quid
285 326 360 394 quod
375 332 397 387 1,
411 331 481 384 166³.
499 326 639 380 rubricam
651 325 701 394 qui
711 326 805 395 posuit
816 325 863 379 ‘dc
875 325 1022 380 fiduciaria
1034 326 1146 389 tutela’‚

194 395 243 446 ubi
260 394 320 461 ipse
338 392 424 446 Gaius
442 393 477 448 de
496 393 648 447 fiduciariis
659 393 756 447 tutelis
768 392 900 460 loquitur,
919 393 987 446 iuris
1000 391 1148 447 Iustiniani

194 462 224 514 et
240 460 326 530 ipsius
343 461 470 515 rubricae
493 461 536 515 tit.
556 460 577 519 Ι,
596 467 620 523 t,
641 465 680 514 19.
702 461 816 514 videtur
838 476 871 514 co
911 459 1028 515 itionem
1052 462 1082 514 et
1103 477 1147 514 ra-

193 527 301 582 tionem
317 527 455 584 habuisse.
485 528 566 582 Certe
586 527 720 581 abolitam
732 528 793 581 eins
810 529 876 581 aeta
889 543 904 581 e
916 528 1037 580 tutelam
1048 527 1147 582 mulie·

193 596 274 674 brem
290 595 386 674 prodit
402 595 514 672 rubrica
531 595 596 648 ante
609 600 632 656 2,
646 600 688 672 βο.
717 595 868 672 Praeterea
883 594 1035 672 barbarum
1047 610 1147 648 aarum

193 660 1148 808 {crsirsziruarauuaue{ausisausis

194 798 321 862 deantur,
333 814 382 875 qur
391 798 508 863 casibus,
520 796 619 862 modis,
631 797 806 865 temporibus
815 799 913 850 contra
921 798 1060 850 rationem
1069 795 1146 851 Garr-

213 880 249 918 ue
268 866 369 919 aetatis
386 879 494 919 morem
511 880 529 918 a
545 864 660 918 librario
682 864 780 933 positis
801 863 1008 932 similibusque,
1031 865 1064 916 nt
1080 878 1147 917 rere

192 881 299 996 dicam,
326 932 401 986 vitiis
428 931 623 1008 conservandis
645 946 749 1000 magna
769 947 838 985 cura
863 931 990 995 student,
1037 931 1098 985 nasi
1123 931 1147 984 is

195 1000 372 1067 antiquitatis
388 1001 469 1054 testis
487 1001 560 1054 esset
576 1016 605 1052 ιιι
617 998 693 1052 hisce
709 999 794 1052 rebus
811 997 866 1052 tide
885 999 994 1067 dignus.
1017 947 1148 1052 §andem

195 1068 318 1120 aetatem
340 1067 436 1136 prodit
457 1067 633 1121 rubricarum
655 1066 741 1129 ratio,
768 1081 838 1131 qnae
863 1065 1008 1118 librarius¹
1031 1064 1148 1134 singulis

193 1135 320 1188 materiis
341 1136 462 1188 maxime
484 1134 566 1210 initio
588 1133 682 1200 operis
708 1132 888 1202 praescripsit
907 1132 1046 1210 quibusve
1068 1148 1147 1209 prae·

194 1201 348 1254 scribendis
365 1201 477 1272 saepius
493 1218 506 1254 s
528 1202 616 1254 etum
628 1216 748 1254 vacnum
759 1200 886 1268 reliquite
903 1200 972 1254 hcet
988 1199 1062 1254 enim
1074 1214 1147 1252 erus·

193 1268 271 1345 modi
288 1269 413 1324 rubricas
432 1275 440 1334 t
463 1219 525 1322 uod
536 1269 628 1335 ipsum
645 1283 749 1322 nomen
765 1266 914 1334 aliquoties
930 1269 1060 1344 notatum
1076 1266 1105 1318 in
1118 1265 1149 1320 O.

191 1335 346 1404 invenitur)
363 1337 435 1390 sicut
478 1350 673 1405 espousorum,
697 1334 898 1400 Quaestionum
920 1333 1038 1401 ahisque
1055 1333 1148 1386 minus

194 1418 229 1456 ex
253 1404 312 1456 arte
336 1405 550 1481 ooosqgsotuuoie
573 1401 683 1470 scriptis
706 1402 752 1468 (cf.
770 1401 814 1454 Fr.
834 1401 897 1455 Vsu
915 1404 979 1468 227)
1002 1401 1045 1454 ite
1061 1400 1148 1453 etium

193 1468 404 1524 Institutionum
416 1469 495 1523 libris
507 1472 629 1522 inserere
642 1469 749 1522 librarii
765 1470 875 1522 matare
887 1467 1070 1535 coeperint2(
1091 1466 1148 1520 nod

191 1534 229 1589 de
247 1535 361 1605 Ulpiani
383 1541 413 1591 et
429 1537 520 1590 Paulli
537 1536 763 1590 Institutionibns
786 1550 821 1589 ex
844 1534 944 1590 collat
960 1537 1005 1588 tit.
1022 1533 1061 1588 XI
1089 1573 1096 1588 .
1118 1535 1149 1587 et

268 1691 288 1763 l)
302 1695 361 1746 Nam
380 1697 480 1760 abipso
499 1696 557 1745 Gaio
578 1709 618 1744 eas
637 1693 757 1758 prolectas
775 1709 822 1743 non
842 1708 908 1756 esse,
929 1697 976 1744 iam
995 1695 1148 1744 Goescbenns

194 1768 270 1818 Praei.
285 1783 308 1830 p.
325 1767 423 1817 xxvut.
439 1767 526 1816 XXXV.
543 1767 579 1815 ed.
595 1765 691 1814 Lacbm.
706 1772 771 1814 recte
786 1765 906 1814 indicarit.
930 1765 996 1814 Unde
1011 1763 1148 1825 lloeclringii

194 1839 320 1888 consilium
334 1853 380 1887 non
395 1839 479 1901 probo,
494 1838 535 1901 qui
549 1837 586 1885 ed.
602 1847 621 1887 5.
638 1837 709 1884 etiam
724 1850 777 1897 eas,
797 1849 855 1899 quae
871 1835 955 1897 deesse
970 1837 992 1884 ei
1007 1837 1071 1884 visae
1085 1842 1148 1896 suut,

194 1910 303 1958 rubricas
317 1908 442 1972 supplevit.
467 1908 563 1957 Rectius
578 1907 631 1970 quis
642 1907 734 1968 iecerit,
748 1906 834 1970 quiret
844 1921 885 1955 eas
900 1907 1074 1967 exterminaret,
1088 1919 1148 1969 quae

193 1995 256 2031 nunc
265 1979 499 2029 invitoGaiolibrum
509 1979 560 2027 eius
571 1984 682 2037 onerant3
693 1978 714 2026 is
725 1978 788 2027 enim
800 1977 852 2041 ipss
863 1977 968 2026 oratione
980 1975 1148 2027 divisionibus-

194 2066 240 2115 qus
254 2058 308 2115 apte
327 2051 395 2100 iactis
415 2050 486 2099 multo
502 2050 595 2099 doctius
609 2049 725 2111 prouidit,
745 2056 771 2097 ut
787 2048 863 2097 lector
881 2063 929 2097 non
947 2050 1017 2111 plane
1039 2047 1148 2097 indoctus

194 2122 285 2183 singula
305 2135 412 2185 quaeque
431 2120 500 2169 tacite
520 2119 644 2169 inveniret.
678 2120 727 2181 lpsi
744 2119 835 2167 librarii
853 2118 962 2168 rubricas
981 2119 1092 2167 continuo
1111 2118 1149 2167 in-

194 2194 300 2241 scribere
315 2193 380 2241 circa
394 2192 465 2240 finem
479 2191 539 2251 loci,
554 2190 594 2255 qui
609 2196 647 2238 est
661 2189 690 2238 de
705 2190 879 2251 contractibus,
900 2189 1009 2238 videntur
1024 2188 1149 2250 desivisse,

194 2263 275 2324 credo,
290 2263 345 2325 quia
359 2263 471 2311 contiuua
484 2262 562 2313 lectio.
571 2261 595 2309 in
609 2260 698 2309 sobolis
712 2274 767 2309 raro
782 2261 842 2308 ultra
857 2274 911 2309 eum
922 2260 1000 2309 locum
1014 2259 1150 2323 perveniret

194 2340 218 2381 et
233 2346 260 2380 ex
275 2339 358 2395 quarto
373 2332 544 2381 commentario
559 2345 633 2393 pauca
648 2337 739 2379 tantum
757 2329 946 2392 deuotionibus,
965 2345 1040 2393 pauca
1059 2330 1089 2378 de
1108 2342 1149 2378 ex·

194 2403 345 2465 captionibus
360 2400 511 2451 traderentur
525 2402 566 2463 (cl.
581 2408 658 2449 const.
669 2399 767 2449 Omnem
781 2401 841 2464 reip.
852 2403 875 2462 ς.
887 2399 918 2464 1).
943 2398 1011 2449 Certe
1027 2398 1148 2449 everen.

194 2486 281 2522 vacuas
295 2473 370 2522 lineas
384 2472 545 2521 inscribendis
559 2470 662 2520 rubricis
680 2471 811 2520 destinatas
829 2486 875 2520 nou
894 2472 1001 2520 continet
1014 2472 1061 2519 uisi
1074 2484 1149 2534 usqne

196 2543 226 2592 ad
241 2542 307 2591 illum
322 2543 399 2591 locum
415 2541 455 2607 (cl.
470 2549 519 2591 not.
534 2542 563 2591 ad
577 2553 598 2602 s,
613 2553 659 2593 141.
675 2540 734 2604 isa.)
748 2542 789 2590 ubi
803 2542 874 2591 etiam
889 2542 913 2590 in
926 2542 1024 2603 Visigot.
1039 2542 1149 2604 Epitoma

194 2613 257 2662 tituli
271 2613 321 2663 tere
336 2613 456 2674 deficiunt,
472 2619 496 2661 et
508 2619 631 2675 praeterea
646 2619 735 2661 tantum
746 2613 813 2661 initio
823 2626 908 2661 comm.
920 2612 956 2660 lV.
968 2620 992 2660 et
1001 2619 1055 2661 ante
1066 2613 1088 2673 ὅ.
1100 2621 1146 2662 no.

197 2679 219 2749 ⁹)
240 2684 267 2733 ln
285 2697 354 2732 usum
374 2683 507 2732 scholarum
525 2684 675 2746 primumque
693 2682 719 2731 in
737 2682 819 2732 Sabini
837 2682 905 2732 libris
926 2683 955 2731 ad
970 2682 1151 2731 similitudinem

195 2754 281 2818 edicti,
300 2754 342 2803 ubi
360 2754 389 2802 ab
408 2755 460 2816 ipso
479 2761 589 2816 praetore
607 2754 680 2816 positi
699 2751 761 2801 tituli
778 2754 876 2815 proprie
894 2753 1085 2817 appellabantur,
1103 2753 1150 2800 boc

194 2826 283 2874 tactum
302 2838 369 2886 esse,
388 2824 499 2885 colligere
517 2823 575 2873 licet
594 2838 622 2872 ex
635 2823 701 2871 Pers.
716 2832 741 2884 o,
755 2834 789 2873 ao.
810 2822 903 2872 Petron.
917 2835 957 2884 tc,
976 2824 1039 2872 nude
1053 2822 1149 2879 Quintil.

194 2895 212 2944 1.
228 2895 255 2944 0.
272 2896 378 2957 ta,u.§.
394 2906 427 2944 11.
462 2891 519 2943 ‘Alii
538 2909 563 2943 se
584 2893 612 2942 ad
635 2894 714 2942 album
733 2908 760 2941 ac
779 2893 888 2942 mbricaa
906 2892 1021 2957 (intellige
1043 2891 1151 2942 {Ctorum

194 2964 280 3030 libros)
295 2962 490 3027 transtulerunt’3
506 2977 639 3028 quanquam
653 2964 715 3011 tituli
730 2963 763 3011 illi
778 2964 905 3013 inlibris
920 2964 950 3013 ad
965 2964 1151 3013 edictumetiam
1192 2985 1195 2992 ·

195 3036 305 3085 rubricae
321 3050 375 3084 esse
390 3042 521 3099 coeperunt
534 3033 570 3099 (t.
583 3046 602 3085 a.
614 3034 636 3094 ξ.
648 3045 668 3084 t.
684 3033 710 3081 D.
722 3033 751 3082 dc
766 3033 851 3083 interd.
865 3045 901 3095 4³,
916 3033 947 3098 1.)
962 3042 986 3082 et
1001 3035 1047 3083 iam
1061 3034 1152 3096 Vespa-

195 3107 257 3155 siani
271 3113 347 3155 aetate
362 3106 386 3155 in
401 3106 451 3155 iure
465 3105 542 3167 cirili,
558 3111 582 3152 ut
597 3110 691 3152 constat
709 3117 736 3152 ex
755 3105 850 3153 aeribus
870 3105 1016 3168 Salpensano
1036 3112 1060 3153 et
1078 3105 1152 3153 Mala-

195 3178 287 3239 citano,
308 3178 361 3239 ipsa
381 3191 474 3241 quoque
495 3177 572 3236 legum
593 3172 646 3238 (sed
667 3181 745 3223 umen
763 3174 930 3238 principalium
948 3174 1053 3240 tantum)
1072 3175 1153 3237 capita

195 3262 328 3311 quanquam
344 3260 390 3296 nou
405 3248 477 3295 rubro
487 3246 567 3295 colore
577 3245 627 3293 aeri
638 3245 751 3308 inscripta
762 3246 871 3295 rubricae
882 3245 999 3309 appellata
1009 3253 1072 3306 sunt,
1083 3245 1153 3294 iude-

195 3332 240 3381 que
255 3317 358 3367 luvenal.
374 3328 407 3377 lt,
418 3328 464 3367 tot.
481 3314 577 3365 ‘rubras
592 3315 707 3364 maiorum
721 3312 797 3377 leges'
812 3318 956 3378 generaliter
969 3317 1050 3367 dicere
1065 3316 1152 3380 potuit.

194 3388 281 3437 Verum
299 3393 326 3435 ut
344 3388 367 3435 in
386 3385 506 3450 plerisque
524 3387 561 3435 ius
580 3385 649 3435 civile
670 3387 721 3435 iure
734 3388 854 3449 praetorio
873 3388 995 3450 paullatim
1014 3393 1154 3450 superatum

195 3464 244 3518 est,
265 3458 297 3505 ita
313 3458 383 3505 etiam
399 3457 422 3504 in
437 3456 481 3505 bae
500 3457 565 3504 tenui
584 3471 609 3505 re
628 3457 729 3505 maxime
748 3465 805 3520 puto
824 3465 949 3521 postquam
963 3459 988 3507 in
1003 3457 1153 3520 Gregoriauo

195 3534 219 3576 et
233 3526 420 3588 Hermogeniana
436 3523 563 3574 (lodicibus
578 3527 640 3575 tituli
654 3528 683 3576 ab
698 3528 758 3590 ipsis
772 3529 908 3577 auctoribus
922 3529 1062 3579 admodum
1078 3528 1154 3578 edicti
