2550 4000
217 237 281 302 268
499 250 559 286 aare
577 247 680 283 rusrrr.
697 230 731 283 ΙΙ.
749 235 893 284 uua-208.

219 397 242 450 si
259 395 371 467 mancipi
387 393 432 461 sit,
450 393 581 465 mancipio
597 390 661 446 dare
676 399 722 446 aut
737 391 764 446 in
782 391 840 445 iure
854 387 952 444 cedere
967 389 1184 462 possessionem·

220 496 272 553 que
288 478 393 534 tradere
409 475 503 544 debet3
526 477 549 532 si
571 492 621 532 nec
641 476 757 549 mancipi
779 475 827 545 sit,
850 470 966 545 sullicit,
987 475 1012 528 si
1027 473 1184 529 tradiderit:
1241 524 1242 527 ,

219 579 279 620 nam
295 564 317 618 si
335 561 447 636 mancipi
464 577 521 616 rem
538 568 640 616 tantum
658 559 814 626 tradiderit,
830 575 881 614 nec
894 559 1110 632 manciparem,
1126 573 1184 612 usu-

219 649 330 722 capione
347 638 455 702 ’modo¹
472 645 553 718 pleno
569 646 627 701 iure
642 643 673 700 fit
688 643 827 718 legatarii:
845 643 999 716 completur
1013 652 1110 699 autem
1126 659 1184 697 usu·
1242 654 1244 713 ξ

219 734 305 807 capio,
320 733 392 787 sicut
407 729 460 786 alio
476 746 586 802 quoque
597 729 659 785 loco
672 728 798 800 diximus,
813 727 951 784 mobilium
967 727 1081 801 quidem
1098 743 1185 781 rerum
1242 726 1243 793 ξ

219 832 299 884 anno,
316 831 408 871 earum
429 831 504 884 uero,
527 831 600 887 quae
621 812 682 869 solo
701 805 866 883 ’teneatur,²
888 811 1006 868 lrlennio.
1051 807 1129 869 205.
1143 810 1185 866 Est
1242 816 1243 841 ³

219 909 249 956 et
262 900 306 956 illa
322 897 470 955 dillerentia
492 898 571 954 huius
593 890 645 977 (et)
660 913 710 971 per
724 897 931 953 uindicatiouem
952 896 1046 970 legati,
1075 895 1185 969 quodsi

219 983 312 1040 eadem
327 999 370 1039 res
386 982 492 1038 duobus
508 982 668 1056 pluribusne
687 998 736 1057 per
751 982 953 1037 damnationem
973 981 1066 1052 legata
1084 981 1139 1051 sit,
1156 981 1186 1034 si·
1243 988 1244 1065 l

220 1068 328 1143 quidem
344 1067 524 1136 coniunctim,
546 1067 624 1141 plane
639 1066 755 1140 singuiis
775 1076 867 1140 partes
884 1065 1033 1134 debentur,
1053 1063 1143 1121 'sicut
1164 1066 1185 1118 in
1243 1080 1244 1145 ᾗ

219 1152 267 1208 illo
282 1152 458 1208 uindicantur
478 1152 564 1225 legati
583 1143 733 1219 nomiae3³
753 1156 780 1207 si
793 1167 861 1208 uero
876 1149 1047 1220 disiunctim,
1070 1148 1186 1223 singulis

153 1236 314 1292 maeotida
330 1228 406 1314 (res)
422 1235 552 1305 deletum
574 1237 612 1292 ita
633 1233 663 1291 fit
683 1230 688 1310 Ι
706 1236 824 1307 scilieet,
846 1228 897 1290 ut⁴
917 1235 997 1291 heres
1018 1235 1102 1290 alteri
1124 1250 1184 1301 rem,

220 1321 298 1378 alteri
321 1322 534 1377 aestimationem
556 1323 612 1377 eius
636 1329 775 1394 praestare
789 1320 900 1389 debeam
924 1312 1000 1397 (at)³
1019 1327 1047 1375 et
1072 1321 1105 1375 in
1128 1334 1186 1374 con·
1244 1328 1245 1331 ’

219 1407 319 1460 iunctis
334 1402 486 1461 deficientis
502 1407 592 1478 portio
608 1421 663 1461 nun
680 1404 711 1460 ad
727 1405 929 1479 collegatarium
944 1406 1077 1479 pertinet,
1100 1402 1185 1477 sedin

220 1487 370 1544 hereditate
386 1497 516 1545 remanet.

260 1607 264 1615 -
284 1567 355 1631 206.
370 1571 447 1640 Quod
464 1581 552 1628 autem
569 1571 694 1641 diximus,
718 1572 867 1629 deficientis
888 1575 1041 1646 portionem
1062 1570 1123 1648 (in)
1143 1588 1185 1646 per

221 1657 420 1714 damnationem
437 1658 543 1732 quidem
560 1657 652 1731 legato
668 1659 695 1713 in
711 1658 862 1714 hereditate
877 1659 997 1727 retineri,
1020 1660 1047 1713 in
1063 1674 1119 1732 per
1131 1658 1225 1721 uin-[uu
1245 1664 1247 1731 ξ

110 1730 122 1751 ”
221 1741 381 1799 dicationem
409 1758 476 1798 uero
502 1743 678 1816 collegatario
701 1759 868 1813 accrescere,
894 1742 1055 1798 admouendi
1083 1758 1183 1810 sumus,
1245 1770 1246 1787 1

221 1835 283 1882 ante
298 1826 387 1902 legem
403 1827 508 1900 Papiam
521 1820 600 1884 ’toci
614 1829 674 1883 iure
685 1828 759 1883 ciuili
770 1829 807 1882 ita
819 1827 919 1895 luisse3
935 1835 999 1900 post
1011 1827 1107 1901 legam
1124 1842 1183 1881 uero

221 1910 328 1984 Papiam
352 1908 500 1967 deficientis
515 1913 607 1986 portio
623 1911 724 1969 caduca
740 1910 812 1967 litet
828 1911 859 1966 ad
875 1927 923 1967 eos
938 1913 1075 1984 pertinet,
1099 1911 1183 1985 quiin

221 2012 254 2052 eo
271 2004 435 2053 testamento
451 1994 550 2053 liberos
567 1996 675 2053 liabent.
719 1991 786 2055 207.
807 1995 840 2052 Et
862 1998 985 2071 quamuis
1007 1998 1095 2071 prima
1112 2011 1184 2052 causa

220 2082 256 2137 sit
271 2082 298 2137 in
314 2080 420 2137 caducis
437 2082 602 2137 uindicamlis
622 2081 754 2137 heredum
774 2080 874 2136 liberos
895 2080 1065 2150 habentium,
1091 2079 1185 2137 deinde

221 2166 244 2221 sl
256 2148 369 2221 heredes
381 2164 481 2221 liberos
493 2183 547 2222 nou
559 2165 683 2235 habeant,
700 2166 894 2239 legatariorum
908 2166 1008 2222 liberos
1020 2165 1182 2233 habentium,

223 2259 309 2307 tamen
325 2252 382 2324 ipsa
398 2249 460 2323 lege
476 2250 554 2324 Papia
570 2249 751 2324 significator,
769 2259 798 2305 ut
811 2250 1002 2323 collegatarius
1013 2252 1183 2317 coniunctus,

221 2336 244 2389 si
266 2333 365 2390 liberos
386 2332 498 2405 habeat,
521 2336 613 2408 potior
628 2336 664 2391 sit
680 2335 842 2404 heredibus,
866 2335 970 2390 etiarnsi
986 2332 1089 2390 libe'rus
1106 2333 1182 2392 nabe·

221 2417 299 2474 bunt.
344 2412 417 2473 208.
434 2418 481 2473 Set
495 2419 633 2492 plerisque
648 2418 761 2492 placuit,
777 2428 907 2492 quantum
922 2420 954 2475 ad
970 2421 1023 2475 hoe
1037 2421 1091 2489 ius,
1114 2416 1183 2495 quod

222 2500 282 2573 lege
297 2500 376 2574 Papia
398 2504 549 2558 coniunctis
569 2504 756 2577 constituitur,
778 2505 845 2559 nihil
866 2506 1008 2576 iuteresse,
1030 2513 1126 2560 utrum
1140 2518 1184 2578 per

221 2584 430 2641 uindicationem
446 2603 478 2642 an
494 2604 543 2661 per
558 2588 754 2646 damnationem
770 2590 891 2663 legatum
907 2590 952 2646 sit.

295 2707 315 2777 1)
329 2726 353 2760 m
372 2706 430 2768 V¹²,·
444 2720 521 2762 antea
531 2714 585 2763 ecl:
600 2711 717 2763 ‘demum'
728 2731 763 2764 ear
774 2715 867 2765 Gdecm
878 2717 911 2778 φ’.
922 2711 1075 2764 ‘duntaxat’
1086 2715 1128 2764 ed.
1138 2712 1181 2777 Bp.

222 2778 243 2848 ²)
258 2789 383 2833 teneantur
399 2784 424 2835 0.
437 2785 476 2833 cd.
491 2783 540 2850 Bp.
598 2781 620 2850 ³)
635 2786 697 2834 sicut
712 2787 734 2834 in
753 2788 793 2835 iila
808 2787 922 2836 uindieaii
940 2787 1003 2847 legat
1017 2822 1113 2837 .....
1133 2780 1182 2834 W.

221 2855 290 2919 quod
304 2857 340 2904 ita
356 2862 383 2903 ut
394 2855 450 2918 feei
464 2856 599 2905 uidebatur
613 2856 764 2905 sanandum.
793 2872 845 2920 pro
859 2874 874 2907 n
889 2865 947 2907 erat
960 2860 1076 2922 lipatura
1091 2872 1107 2906 n
1121 2864 1146 2906 et
1157 2856 1181 2904 t'.

221 2926 256 2988 cs.
271 2928 293 2987 ξ.
309 2936 356 2977 218.
380 2926 508 2976 audacius
526 2928 588 2976 sicut
607 2928 630 2975 in
649 2926 690 2974 iiio
708 2925 789 2990 (qaod
806 2927 859 2993 per)
877 2928 1068 2979 uindicatioaem
1082 2928 1182 2990 legatam

221 3005 258 3046 eet
277 2996 326 3049 Kr.
346 2996 385 3045 ed.
405 3009 426 3047 2.
504 2994 525 3061 ⁴)
545 2997 593 3047 Ean
613 2992 670 3058 12⁸²,
688 2998 735 3046 sed
753 2997 790 3046 idi
803 3000 894 3049 solidae
909 3000 1012 3058 deuent'.
1045 3007 1182 3063 praeterea

220 3068 372 3130 transposui
387 3074 412 3115 ut
425 3073 450 3114 et
464 3068 563 3117 scilicet.
593 3098 597 3104 -
635 3067 656 3133 ⁶)
670 3067 753 3118 Sanco
767 3070 887 3133 exipente
901 3086 936 3119 ecc
954 3071 1042 3121 uicino
1060 3070 1180 3135 supplevi.

222 3134 243 3199 ο)
258 3137 332 3186 Duae
347 3139 385 3185 vei
399 3144 453 3187 tres
467 3140 569 3188 litterae
585 3141 611 3189 in
628 3139 654 3189 C.
667 3140 692 3189 lt.
708 3141 724 3187 l.
740 3141 792 3203 lapi
806 3156 856 3190 nan
866 3148 1017 3204 potuerunt.

291 3257 316 3329 ξ.
332 3263 392 3314 206.
414 3261 452 3324 Cf.
467 3260 537 3324 Epii.
552 3273 573 3324 2,
588 3274 608 3313 5.
628 3264 668 3325 ἐξ.
682 3275 703 3313 t.
718 3274 739 3315 5.
764 3262 820 3325 Uip.
834 3275 869 3326 21,
883 3276 918 3315 18.
936 3280 1018 3329 supra
1032 3267 1056 3327 5.
1071 3278 1117 3318 188.
1138 3264 1178 3313 m.

224 3332 283 3382 Vat.
299 3333 387 3394 §§.85.
403 3344 436 3385 87.
461 3332 493 3381 L.
509 3344 534 3385 18
544 3349 587 3395 pr.
612 3334 644 3382 D.
664 3335 696 3383 dc
715 3336 764 3399 lep.
784 3349 804 3384 1.
829 3334 897 3387 L.t.
921 3336 955 3386 L.
969 3348 1002 3387 18.
1022 3338 1045 3397 ἓ.
1060 3349 1081 3387 1.
1101 3336 1133 3385 L.
1146 3346 1177 3386 88.

219 3405 243 3465 ς.
258 3415 278 3454 a.
302 3404 335 3451 D.
350 3405 382 3453 de
396 3406 444 3469 lep.
460 3415 480 3453 a.
552 3399 597 3471 ξς.
612 3406 673 3454 206.
691 3407 751 3455 207.
773 3405 812 3467 Of.
827 3407 866 3467 ἐς.
882 3418 929 3457 ma.
943 3417 991 3457 eoa.
1006 3418 1052 3458 ree.
1077 3406 1132 3471 Uip
1145 3416 1177 3466 aa,

219 3486 253 3524 12.
268 3486 302 3526 re.
317 3486 351 3536 rr,
366 3485 386 3524 a.
402 3476 440 3523 tit.
456 3486 488 3526 18.
504 3486 538 3535 ro,
553 3486 585 3524 1r.
602 3487 622 3536 1,
637 3487 671 3525 ar.
687 3486 721 3537 25,
736 3489 769 3528 rr.
786 3476 830 3524 m.
840 3478 873 3527 de
887 3479 905 3525 i.
917 3479 977 3539 fisci
990 3481 1013 3539 ς.
1024 3490 1045 3529 a.
1063 3477 1106 3527 lii.
1122 3476 1175 3526 Vat.

220 3553 267 3594 195.
286 3543 401 3593 Juvenal.
420 3556 446 3606 9,
466 3556 491 3595 81
511 3560 568 3593 cum
586 3545 665 3594 salal.
685 3545 766 3596 Tacit.
781 3547 813 3595 A.
829 3559 855 3610 2,
870 3560 904 3599 28.
924 3548 956 3597 L.
971 3558 991 3599 5.
1010 3548 1043 3597 D.
1063 3549 1096 3598 de
1113 3550 1175 3613 vulp.

219 3613 297 3662 sabat.
313 3614 357 3681 (28,
371 3614 402 3679 6).
422 3614 454 3663 L.
469 3626 503 3666 88.
523 3614 555 3663 Ι).
570 3615 602 3664 de
616 3617 664 3682 lep.
680 3629 700 3668 8.
