2550 4000
193 161 254 226 178
507 177 565 212 can
582 178 681 214 insum.
700 158 721 213 I.
740 165 850 218 23-29.

192 329 365 393 acceperunt,
388 336 450 378 cum
466 319 530 375 olim
546 321 619 376 serui
640 319 800 375 uiderentur
819 334 891 375 esse.
927 315 976 376 28.
992 317 1052 374 lion
1071 325 1167 374 tamen
1250 306 1252 309 ¹

191 404 246 461 illis
262 407 400 478 permittit
420 405 463 461 len
485 404 558 460 lunia
575 404 619 460 uel
640 405 708 478 ipsis
728 411 922 459 testamentum
941 403 1041 473 lacere,
1063 402 1109 458 uel
1132 419 1167 458 cn

139 559 141 562 Ι
194 498 357 545 testamento
380 488 467 545 alieno
490 505 601 563 capere,
622 489 668 543 uel
688 497 796 545 tutores
818 497 982 543 testamento
1003 487 1071 546 dari.
1113 482 1167 542 24.

195 572 272 642 Quod
289 582 379 630 autem
395 575 521 646 diximus,
537 589 569 628 es
586 582 749 629 testamento
765 589 813 629 eos
828 588 925 646 capere
941 588 997 628 non
1012 588 1106 646 posse,
1126 573 1166 627 ita

192 658 399 733 intellegemus,
427 657 468 714 'ut
491 675 524 714 ne
552 657 616 731 quid
645 651 768 714 directo¹
791 657 948 713 hereditatis
971 656 1166 729 legatorumue

192 745 301 799 nomine
314 761 362 798 eos
374 759 456 816 posse
467 759 564 816 capere
576 743 712 815 dicamus;
729 740 850 815 alioquin
866 758 915 815 per
926 739 1166 798 fideicommissum

193 843 289 901 capere
305 835 431 901 possunt,

257 907 306 968 25.
328 911 362 967 lli
381 929 464 984 uero,
486 913 532 986 qui
553 912 741 968 dediticiorum
757 927 870 967 numero
886 919 966 980 sunt,
988 909 1065 965 nullo
1081 908 1165 964 modo

194 1013 227 1054 er
242 1004 407 1052 testamento
423 1013 518 1070 capere
533 1005 667 1071 possunt,
690 1012 744 1052 non
759 997 845 1069 magis
861 1011 940 1069 quam
957 993 1070 1067 quilibet
1085 1009 1166 1067 pere-

195 1082 305 1153 grinus5
322 1074 413 1155 'quin²
428 1098 480 1137 nec
493 1083 545 1154 ipsi
560 1090 754 1138 testamentum
771 1080 859 1136 lacere
879 1087 997 1153 possunt
1014 1077 1166 1134 secundum

194 1165 231 1222 'id
254 1165 327 1239 quod
348 1159 455 1240 magis3
476 1165 587 1240 placuit.
623 1161 672 1223 26.
691 1165 812 1221 Pessima
832 1167 926 1237 itaque
944 1163 1054 1219 libertas
1070 1178 1165 1219 eorum

195 1260 248 1317 est,
264 1253 310 1324 qui
327 1251 516 1307 dediticiorum
533 1267 648 1306 numero
668 1258 749 1318 sunt;
768 1266 821 1306 nee
841 1249 897 1305 ulla
914 1249 976 1322 lege
991 1255 1038 1304 aut
1053 1256 1166 1303 senatus

195 1335 322 1391 consulto
344 1344 390 1390 aut
412 1337 609 1392 constitutione
629 1326 770 1407 principali
788 1334 877 1389 aditus
899 1333 954 1388 illis
975 1333 1008 1388 ad
1026 1334 1166 1389 ciuitatem

196 1421 343 1475 Romanam
359 1419 449 1475 datur.
486 1415 532 1476 27.
552 1417 621 1485 Quin
642 1421 717 1475 etin
738 1417 805 1474 urbe
819 1419 905 1475 Roma
920 1417 965 1473 uel
985 1419 1058 1473 intra
1070 1411 1225 1472 cente-[¹⁰¹1

197 1505 293 1560 simum
311 1502 384 1558 urbis
400 1505 500 1558 Romae
522 1504 666 1559 miliarium
687 1504 785 1558 morari
806 1503 1002 1575 prohibentur3
1022 1511 1050 1557 et
1067 1501 1101 1555 'si
1117 1505 1170 1573 qui

196 1597 291 1644 contra
307 1604 338 1643 ea
353 1582 494 1658 iecerint,⁴¹
515 1590 567 1662 ipsi
588 1587 712 1661 bonaque
728 1603 823 1643 eorum
838 1587 946 1661 publice
961 1588 1056 1642 uenire
1070 1585 1166 1663 iuben·

196 1681 242 1728 tur
258 1689 289 1728 ea
304 1671 475 1744 condicione,
494 1683 525 1728 ut
546 1689 580 1728 ue
600 1676 628 1729 in
650 1672 717 1729 urbe
737 1673 821 1728 lloina
838 1671 882 1732 uel
904 1674 974 1728 intra
989 1673 1167 1727 centesimum

196 1757 273 1813 urbis
285 1757 385 1812 Romae
400 1757 543 1812 miliarium
559 1759 691 1826 seruiunt,
707 1774 778 1812 neue
794 1773 920 1830 umquam
931 1757 1168 1825 manumittantur,

196 1849 224 1897 et
245 1844 267 1896 si
290 1843 446 1897 manumissi
466 1841 580 1914 luerint,
604 1843 678 1897 serui
701 1841 796 1915 populi
818 1840 930 1897 Romani
953 1857 1014 1896 esse
1028 1839 1167 1896 iubentur.

196 1934 223 1982 ct
244 1927 312 1982 haec
332 1927 369 1981 ita
390 1926 452 2001 lege
472 1927 544 1982 Aelia
565 1925 659 1982 Sentio
679 1927 866 2000 conprehensa
885 1935 959 1982 sunt.

162 2026 185 2078 7,
267 2020 364 2082 Quibus
373 2024 455 2073 modis
469 2022 547 2072 Latini
562 2024 592 2072 ad
603 2024 725 2072 ciuitatem
734 2024 864 2072 Romanam
874 2022 1014 2085 perueniant
1032 2007 1037 2085 Ι
1056 2006 1106 2069 28.
1116 2009 1167 2065 La·

196 2098 246 2153 tini
269 2114 336 2153 uero
365 2097 457 2153 multis
485 2099 572 2154 modis
602 2098 634 2153 ad
663 2100 800 2155 ciuitatem
823 2098 969 2153 Romanam
991 2096 1167 2170 perueniunt.

195 2178 244 2241 29.
258 2182 355 2238 Statim
377 2184 447 2239 enim
463 2200 495 2239 ex
515 2182 578 2256 lege
601 2182 675 2238 Aelia
690 2176 802 2237 Sentia⁵
819 2184 937 2238 minores
956 2183 1067 2255 triginta
1082 2196 1168 2235 anno·

195 2283 257 2322 rum
279 2269 435 2322 manumissi
456 2275 484 2323 ct
505 2266 592 2322 latini
612 2267 676 2323 iacti
703 2268 726 2322 si
752 2283 850 2322 uxores
873 2268 999 2322 duxerint
1025 2265 1070 2321 uel
1090 2266 1167 2320 ciues

270 2413 290 2481 1)
306 2432 335 2465 ne
356 2418 413 2481 quid
432 2418 562 2467 indirecto
582 2414 635 2480 Vll,
651 2426 717 2482 puta
735 2421 894 2482 transposito
908 2426 935 2468 ut
947 2427 973 2467 et
990 2425 1085 2467 mutato
1101 2418 1127 2464 in
1142 2416 1168 2464 in

196 2515 232 2525 -
247 2504 276 2536 nc
291 2490 420 2552 quidinde
435 2489 526 2539 directo
542 2492 573 2553 φ’.
586 2490 720 2541 Goudamit
733 2490 773 2539 ed.
789 2491 929 2540 Potenaor.
958 2504 987 2537 ne
1002 2488 1059 2552 quid
1074 2487 1167 2536 directo

197 2561 236 2609 cd.
250 2558 324 2609 Stud.
390 2556 410 2625 ²)
431 2558 483 2625 W,
498 2569 525 2609 ut
540 2568 622 2611 tumen
637 2562 692 2625 quia
707 2568 821 2611 notatum
834 2561 943 2614 studeto
957 2561 1039 2609 uisum
1056 2561 1099 2617 sit,
1114 2574 1168 2621 pro

197 2632 268 2696 quin,
292 2638 408 2695 utputo,
428 2633 496 2697 quod
514 2640 539 2681 et
557 2636 589 2695 cJ'.
611 2632 728 2683 Gouriane.
747 2635 859 2681 literan
881 2648 916 2681 coc
934 2632 1063 2696 inferiore
1081 2644 1168 2687 versu,

197 2702 242 2752 ubi
256 2702 378 2762 abundat,
396 2704 446 2753 leuc
460 2711 554 2753 tracta.
617 2700 638 2769 8)
663 2699 709 2751 Vbi
722 2705 814 2753 addita
833 2710 918 2753 tomen
933 2706 1010 2752 litera
1025 2717 1039 2750 n
1055 2729 1088 2738 —
1103 2701 1169 2765 quod

198 2774 319 2838 plerisque
335 2775 391 2823 edd.
402 2778 489 2838 prior.
546 2772 568 2841 ⁴)
583 2776 685 2825 scilicet
699 2776 831 2825 domicilio
845 2774 882 2824 idi
896 2776 998 2832 colluto,
1013 2780 1042 2822 ut
1054 2786 1167 2822 accura-

198 2847 250 2893 tius
269 2856 344 2908 1,160
363 2846 451 2906 tabet,
471 2848 541 2911 quod
559 2848 663 2911 quidam
677 2862 773 2910 porum
791 2848 984 2895 intelteoeerunt.
1055 2842 1077 2908 ⁶)
1094 2842 1170 2903 Quod

198 2916 274 2965 addit
292 2916 316 2965 lu.
337 2918 353 2964 l.
376 2916 400 2965 0.
426 2924 521 2967 cautum
545 2926 582 2966 est
609 2925 635 2966 ut
660 2934 729 2967 nunc
748 2925 859 2981 apparet
875 2920 1002 2982 ptorsemo
1020 2930 1083 2965 esse.
1121 2929 1168 2963 om.

199 2988 275 3035 etiam
296 2986 384 3037 Polen.
403 2995 428 3036 ct
446 2986 519 3037 Stud.
539 2989 597 3037 edd.

198 3110 301 3179 amicos]
324 3112 361 3175 Of.
377 3113 482 3164 Petron.
496 3125 530 3163 41.
603 3109 648 3181 ἐξ.
668 3116 710 3163 23.
730 3115 773 3163 24.
795 3114 833 3176 Cf.
852 3113 961 3176 infrare,
977 3121 1086 3163 1111277.
1110 3101 1167 3173 dp.

198 3195 402 3247 20‚14.22,3.8.
427 3184 471 3233 Fr.
493 3185 550 3235 Vct.
565 3196 614 3236 772.
638 3185 736 3235 Ictdor.
754 3183 797 3235 Or,
810 3197 832 3247 9,
846 3197 867 3235 1.
891 3186 914 3245 §-
930 3195 964 3235 51.
988 3183 1020 3232 L.
1036 3195 1070 3235 79.
1088 3182 1121 3231 D.
1136 3181 1168 3228 de

197 3255 249 3305 red.
265 3256 324 3305 dub.
344 3253 390 3323 (34,
408 3255 448 3321 5.).
521 3252 546 3323 §.
568 3258 609 3306 25.
636 3257 674 3319 Cf.
693 3268 713 3317 a,
733 3268 766 3307 75.
784 3267 811 3318 a,
830 3267 878 3307 aas.
907 3254 961 3318 lltp.
979 3266 1013 3316 22,
1033 3265 1054 3302 2.
1078 3265 1112 3314 ao,
1132 3262 1167 3301 14.

198 3324 224 3396 ἓ.
239 3329 282 3378 26.
300 3327 337 3391 Cf.
354 3330 376 3389 δ.
392 3340 412 3380 3.
432 3328 453 3377 I.
467 3329 499 3377 de
514 3326 597 3377 titerr.
614 3324 646 3390 (1,
660 3325 692 3391 5).
714 3327 775 3375 Gaii
788 3329 848 3390 epit.
864 3340 884 3389 1,
899 3338 920 3376 1.
935 3329 958 3388 ἓ.
972 3338 992 3375 4,
1007 3325 1081 3388 infra
1096 3336 1116 3385 1,
1131 3334 1167 3373 67.

198 3411 220 3459 a,
235 3409 269 3449 75.
291 3399 381 3449 Gottat.
395 3412 416 3460 4,
431 3411 451 3449 a.
467 3400 491 3459 ς.
506 3410 526 3448 a.
571 3394 596 3464 §.
611 3400 654 3448 27.
671 3396 709 3459 Os.
725 3397 823 3447 Isidor.-
838 3395 881 3446 Or.
896 3410 917 3458 e,
931 3409 952 3447 4.
967 3398 990 3458 §-
1006 3407 1039 3447 52.
1082 3391 1107 3462 §-
1123 3397 1166 3445 28.

200 3469 239 3531 Cf.
259 3468 314 3532 Utp.
330 3481 385 3531 3,1.
404 3469 474 3532 Epir.
490 3480 545 3529 1,1.
566 3469 588 3529 ξ.
602 3478 622 3518 e
643 3468 675 3515 L.
691 3484 733 3516 un.
750 3468 775 3518 O.
793 3470 826 3517 de
840 3468 900 3517 Lot.
918 3467 1002 3518 libert.
1017 3468 1071 3516 tott.
1087 3469 1121 3531 (7,
1134 3462 1165 3528 6).

199 3536 225 3608 ἓ.
240 3541 282 3589 29.
300 3540 338 3600 Cf.
358 3538 412 3602 Uip.
428 3550 450 3600 o,
464 3550 485 3588 e.
