2550 4000
179 223 244 288 394
453 237 512 274 osu
529 237 622 273 misma.
641 218 688 273 IV.
709 224 871 316 111--144.ο

178 371 326 445 praecipit,
341 385 375 426 ne
389 371 447 428 sine
461 368 531 426 uitio
545 366 695 441 possidenti
716 367 757 422 uis
773 363 834 438 iiat,
847 381 917 422 neue
932 367 962 424 in
975 364 1036 422 loco
1051 382 1136 423 sacro

179 454 278 528 aliquid
297 451 356 510 fiat:
381 453 452 510 unde
473 453 561 508 omnia
585 449 728 507 interdicta
750 456 796 506 aut
821 451 991 507 restitutoria
1015 459 1063 508 aut
1083 466 1137 506 ex·

179 538 304 600 hihitoria
329 545 375 593 aut
400 535 575 611 prohibitoria
603 544 746 592 uocarrtur.
793 529 852 592 141.
881 533 936 592 Nec
958 542 1046 590 tamen
1069 550 1136 592 cum

180 621 244 695 quid
259 622 368 677 iusserit
383 619 440 678 heri
460 628 507 675 aut
527 617 584 676 fieri
603 616 789 692 prohibuerit,
816 619 906 673 statim
926 627 1067 692 peractum
1087 625 1226 677 ostiolo]

178 707 336 779 negotium,
359 704 408 760 sed
428 703 461 760 ad
480 702 594 760 iudicem
615 708 853 775 recuperatoresue
873 702 980 758 iteret
1000 701 1034 760 ihi
1051 701 1137 758 editis

179 787 304 845 formulis
330 789 482 862 quaeritur,
512 803 547 842 au
573 784 673 858 aliquid
699 784 829 842 aduersus
854 787 987 858 praetoris
1013 785 1137 842 edictum

179 873 279 929 iactum
294 873 346 943 sit,
367 870 410 928 uei
431 887 464 926 an
483 869 584 926 iactum
606 870 720 940 nonsit,
744 868 818 943 quod
834 870 856 924 is
871 866 930 926 fieri
944 871 1064 926 iusserit.
1105 877 1136 926 et

179 955 260 1012 modo
275 971 335 1012 com
349 970 436 1028 poena
451 955 550 1026 agitur,
565 952 647 1009 modo
663 953 721 1008 sine
736 968 839 1026 poena:
862 969 922 1008 cum
937 969 1038 1026 poena,
1054 952 1136 1010 uelut

178 1055 240 1096 corn
261 1054 312 1112 per
332 1039 506 1111 sponsionem
526 1040 632 1112 agitur,
654 1038 713 1092 siue
735 1053 835 1110 poena,
859 1035 935 1092 uelut
955 1053 1016 1092 cum
1030 1037 1135 1094 arbiter

179 1123 297 1196 petitur;
324 1120 480 1195 etquidem
506 1137 538 1176 ex
564 1119 750 1194 prohibitoriis
776 1119 925 1177 interdictis
950 1136 1057 1193 semper
1081 1135 1136 1192 per

180 1206 354 1279 sponsionem
373 1207 417 1278 agi
437 1205 524 1274 solet,
552 1221 584 1260 er
608 1205 784 1261 restitutoriis
808 1219 874 1260 uero
898 1203 943 1258 uei
965 1202 1135 1260 exhibitoriis

180 1289 261 1345 modo
282 1305 332 1362 per
346 1290 532 1363 sponsionem,
547 1288 628 1344 modo
643 1305 693 1362 per
706 1287 849 1344 formulam
863 1288 965 1360 agitur,
980 1302 1048 1361 quae
1062 1286 1135 1342 arhi-

180 1373 260 1428 traria
276 1382 397 1429 uocatur.

241 1451 305 1511 142.
328 1454 485 1528 Principalis
501 1454 586 1528 igitur
600 1454 697 1512 diuisio
713 1455 741 1512 in
756 1471 789 1513 eo
800 1462 853 1528 est,
866 1454 939 1528 quod
950 1462 997 1510 aut
1007 1453 1134 1528 prohihi-

180 1539 249 1593 toria
268 1547 333 1594 sunt
353 1537 496 1594 interdicta
522 1545 568 1592 aut
594 1539 763 1594 restitutoria
787 1547 833 1594 aut
854 1537 1021 1595 exhibitoria.
1064 1534 1135 1596 143.

179 1620 302 1695 Sequens
316 1623 344 1677 in
359 1637 392 1677 eo
407 1629 450 1676 est
464 1621 577 1691 diuisio,
599 1621 672 1694 quod
692 1622 735 1680 uei
750 1621 935 1696 adipiscendae
950 1623 1134 1696 possessionis

178 1720 258 1762 causa
273 1714 417 1778 conparata
438 1713 503 1760 sunt
521 1704 566 1760 uei
587 1705 742 1762 retinendae
765 1706 809 1762 uel
823 1705 1019 1779 reciperandae.
1062 1702 1133 1764 144.

180 1788 372 1862 Adipiscendae
401 1789 582 1863 possessionis
608 1805 687 1846 censa
714 1789 887 1847 interdictum
913 1789 1135 1846 accommodatur

179 1871 313 1929 honorum
329 1873 491 1946 possessori,
507 1873 583 1928 cuius
598 1874 758 1947 principium
774 1882 816 1929 est
828 1889 955 1939 ovonvu
968 1889 1134 1940 Bonosum

179 1957 292 2030 eiusque
307 1958 349 2013 uis
364 1965 392 2013 et
405 1963 527 2031 potestas
542 1956 608 2013 haec
622 1963 673 2027 est,
690 1965 720 2013 ut
736 1956 809 2031 quod
820 1959 933 2032 quisque
945 1973 978 2014 es
987 1957 1030 2015 his
1041 1956 1133 2031 honis,

181 2056 296 2113 quorum
310 2043 447 2115 possessio
463 2041 543 2098 alicui
557 2040 619 2097 date
634 2049 692 2112 est,
711 2058 762 2115 pro
783 2041 882 2099 herede
897 2050 942 2098 ant
957 2058 1007 2115 pro
1022 2058 1134 2116 posses·

110 2133 170 2182 131.
181 2139 243 2179 sore
269 2121 434 2197 ’ipossidet,
460 2127 560 2183 dalcae
579 2124 669 2197 fecit,
693 2119 871 2200 quominus)¹
890 2118 896 2203 Ι
914 2125 1080 2199 possideret,
1104 2126 1134 2183 id

179 2209 215 2280 ei,
237 2209 281 2265 coi
303 2207 435 2265 honorum
449 2209 587 2283 possessio
603 2208 665 2264 data
681 2215 738 2280 est,
761 2210 936 2265 restituatur:
958 2226 1009 2283 pro
1030 2210 1134 2266 herede

179 2300 269 2348 autem
283 2292 422 2366 possidere
437 2292 545 2348 uidetur
560 2300 612 2347 tam
629 2295 668 2365 is,
690 2292 736 2365 qui
751 2292 830 2348 heres
846 2300 903 2367 est,
920 2308 999 2366 qoam
1021 2294 1060 2365 is,
1082 2296 1134 2366 qui

178 2384 256 2448 putat
270 2392 299 2431 se
315 2375 441 2431 heredem
456 2392 531 2445 esse;
552 2392 602 2449 pro
623 2392 783 2450 possessore
802 2377 825 2431 is
846 2376 983 2453 possidet,
1006 2378 1051 2451 qui
1072 2378 1134 2433 sine

179 2474 257 2513 cansa
273 2458 389 2531 aiiqoam
403 2475 460 2513 rem
475 2458 661 2514 hereditariam
683 2459 727 2517 uei
748 2461 827 2517 etiam
848 2469 932 2517 totam
954 2460 1134 2517 hereditatem

252 2622 273 2693 ¹)
286 2623 412 2689 Sappieoi
424 2640 459 2677 es
472 2625 498 2675 L
511 2638 523 2677 1
533 2642 578 2690 pr.
592 2626 625 2678 D.
635 2643 709 2692 quor.
721 2628 777 2679 bon.
792 2626 837 2695 (11,
852 2627 884 2695 s),
899 2637 928 2679 at
940 2636 1011 2679 recte
1024 2628 1134 2679 dederet

179 2697 321 2761 possideret.
347 2695 402 2746 Sed
413 2704 496 2747 111111
510 2699 587 2747 etiam
601 2714 632 2747 ea
646 2698 678 2748 de
689 2714 769 2749 caasa
779 2714 829 2752 aon
840 2705 893 2751 tota
904 2701 950 2749 itta
960 2701 1042 2763 ipsius
1051 2699 1134 2749 edicti

178 2768 256 2818 verda
264 2768 440 2819 transcribere
449 2770 520 2819 colai
529 2766 609 2835 (qaod
621 2785 691 2820 nanc
702 2770 768 2833 fecit
777 2769 826 2835 Bp.
833 2771 872 2819 ed.
878 2767 901 2836 5)
911 2772 972 2835 qaia
985 2776 1057 2827 tanta
1070 2768 1133 2819 suh·

177 2840 260 2889 tilitas
270 2838 478 2889 Institutionibas
491 2854 542 2890 aaa
557 2842 682 2899 convenit,
697 2846 722 2889 et
733 2839 814 2889 Gaias
827 2848 878 2891 tam
888 2846 975 2891 cetera
984 2840 1135 2895 huiusmodi

98 2962 100 2969 ,
178 2910 319 2960 interdicta
333 2924 384 2960 noa
397 2911 549 2973 simpliciter
561 2912 658 2960 similia
671 2910 759 2961 dicere
768 2912 903 2974 patuisset.
926 2908 1015 2961 Simile
1029 2912 1133 2960 initiam

180 2976 315 3042 ‘possidet'
335 2987 361 3029 et
379 2977 545 3043 ‘possideret’
566 2981 699 3031 omittendi
722 2995 826 3031 cansam
846 2982 930 3045 faisse
951 2988 976 3031 et
994 2981 1134 3031 librariam

178 3049 310 3098 camdeno
320 3064 435 3100 errorem
444 3051 597 3109 admisisset,
611 3058 670 3101 ante
684 3065 728 3115 pro
743 3051 831 3102 herede
841 3050 960 3118 (sutfecit)
971 3053 1134 3115 particulam

178 3119 200 3167 si
218 3119 359 3178 addidisse,
374 3121 479 3184 quilibet
493 3123 569 3171 uidet.

248 3273 273 3346 ξ.
290 3281 348 3329 141.
370 3277 571 3344 0111111111.
594 3280 650 3346 Uip.
665 3281 728 3331 Inst.
740 3281 778 3344 fr.
794 3294 845 3341 1,1.
859 3292 880 3331 s.
905 3281 1009 3343 Quintil.
1025 3280 1046 3330 I.
1064 3279 1092 3329 0.
1109 3293 1134 3340 s,

178 3350 633 3413 11111111111111.
725 3347 826 3420 §.142⁸
846 3354 920 3415 ιθ.
941 3365 960 3403 1.
984 3351 1134 3402 initiate

177 3419 272 3468 111111.
292 3417 324 3483 (1,
338 3416 383 3485 11).
409 3419 447 3484 Os.
462 3421 494 3469 L.
509 3434 529 3471 1.
544 3422 567 3482 ς.
582 3433 603 3471 1.
618 3422 650 3471 D.
666 3423 721 3471 eod.
741 3420 786 3488 (11,
802 3422 832 3488 1).
905 3418 930 3491 5.
947 3424 1006 3474 143.
1022 3444 1055 3465 ==
1069 3424 1092 3485 §.
1110 3434 1133 3472 s.

177 3487 200 3537 I.
215 3488 249 3537 id.
269 3488 307 3553 Cf.
322 3489 420 3539 Aeson.
438 3490 527 3554 Gripi.
546 3502 572 3541 11
585 3506 637 3556 seq.
657 3492 711 3555 Uip.
726 3490 825 3552 11111,
841 3506 861 3545 1.
912 3490 937 3561 §
949 3496 1008 3543 144.
1025 3492 1062 3556 Cf.
1074 3494 1098 3553 ξ.
1111 3504 1133 3543 1.

180 3556 335 3622 11111111
348 3570 369 3620 1,
385 3571 419 3611 aa.
429 3572 450 3618 s,
460 3572 507 3611 111.
518 3560 549 3611 Ι..
560 3573 646 3613 11-11.
666 3562 698 3611 Ι),
714 3563 745 3612 de
759 3563 813 3612 ter.
824 3571 877 3627 pet.
893 3562 924 3629 (a,
938 3562 969 3630 1).
