2550 4000
401 246 461 282 can
478 246 576 282 msere.
594 227 643 282 tv.
663 233 803 284 ios-170.
1018 230 1081 296 403

117 400 171 449 est.
207 384 274 448 168.
290 388 338 445 ille
353 395 454 458 autem,
469 389 516 459 qni
532 388 637 443 tructus
654 387 802 444 licitatione
814 388 903 444 uictus
919 395 972 459 est,
987 388 1010 442 si
1024 403 1081 444 non

117 473 293 548 probauerit,
314 471 346 526 ad
367 488 397 527 se
417 472 554 544 pertinere
569 473 788 544 possessionem,
806 479 911 527 tanturn
926 473 1081 544 sponsionis

117 567 145 616 et
167 556 383 631 restipulationis
404 571 537 611 summanr
558 571 664 628 poenae
686 556 795 612 nomine
817 553 906 611 dehet.
945 550 1011 615 itte.
1027 555 1080 610 ni-

116 642 244 699 monendi
260 649 351 696 tamen
366 656 473 709 sumus,
488 639 602 695 liborum
618 655 679 695 esse
694 640 735 705 ei,
751 640 797 712 qni
812 637 917 695 iructus
932 637 1081 695 licitatione

118 728 206 782 uictus
229 726 296 794 crit,
325 725 428 778 omissa
449 723 598 779 fructuaria
618 723 808 796 stipulatione,
831 724 903 780 sicut
916 721 1081 779 Cascelliano

123 812 182 866 siue
206 809 345 865 secutorio
367 807 466 862 indicio
488 805 522 863 de
544 808 720 880 possessione
742 807 914 880 reciperantis
933 808 1081 880 experitur,
1160 849 1162 854 .

121 896 159 949 ita
180 885 329 949 similiter¹
348 890 383 947 tie
403 889 507 946 iructus
521 890 670 947 licitatione
684 905 779 964 agere:
794 892 822 946 in
844 906 923 964 quani
946 907 1003 946 rem
1017 907 1081 964 pro·

121 979 210 1051 prium
225 974 354 1031 iudiciuin
369 982 546 1047 conparatum
560 981 619 1043 cst,
640 973 713 1048 quoti
728 973 879 1048 appelletur
893 974 1081 1043 fructuarium,

122 1077 180 1135 qno
195 1061 304 1116 nomine
320 1066 397 1113 actor
412 1057 558 1114 iudicatum
569 1057 641 1115 solui
654 1058 719 1114 satis
733 1051 864 1132 accipitt²
878 1058 977 1114 dicitur
991 1065 1081 1114 eutem

122 1152 151 1201 et
172 1144 226 1200 itoc
244 1142 373 1198 indicium
388 1142 567 1212 secutorium,
588 1141 662 1215 qnod
683 1143 808 1215 sequitur
824 1143 980 1216 sponsionis
995 1143 1082 1196 uicto·

122 1230 206 1291 riam3
229 1227 277 1282 sed
300 1241 355 1281 non
377 1241 464 1298 aeque
485 1225 679 1282 Cascellianum
702 1234 825 1282 uocatur.
867 1221 932 1282 tto.
951 1224 1004 1280 Sed
1020 1225 1082 1298 quia

123 1310 248 1368 nonnulli
263 1309 409 1365 interdicto
424 1308 530 1365 reddito
552 1303 662 1366 cetera³
683 1326 716 1364 etr
731 1309 875 1367 interdicto
897 1309 985 1366 iacere
1005 1307 1080 1364 nole·

119 1395 204 1465 banni,¹
221 1402 302 1467 atque
318 1393 353 1449 ob
367 1392 395 1448 id
411 1409 467 1449 uon
482 1400 591 1467 poterat
604 1409 649 1449 res
665 1392 799 1466 expediri,
816 1401 926 1467 praetor
941 1385 946 1471 Ι
963 1386 1008 1448 ⁴in
1023 1407 1080 1448 eam
1093 1389 1152 1441 246·

119 1497 177 1536 rent
193 1479 334 1552 prospexit
348 1485 376 1533 et
390 1478 558 1550 comparauit
572 1477 726 1548 interdicta,
743 1493 811 1550 quae
822 1477 978 1534 secundaria
990 1475 1080 1550 appel·
1094 1456 1111 1496 ¹*
1124 1463 1143 1496 ⁸·

119 1563 217 1632 lamus,
233 1560 307 1635 quod
323 1560 443 1616 secundo
458 1560 520 1617 loco
535 1560 701 1617 redduntur:
725 1577 841 1634 quorum
856 1565 901 1618 uis
916 1568 942 1616 et
958 1566 1082 1632 potestas

119 1648 194 1703 iaec
208 1651 264 1713 est,
285 1652 319 1701 ut
337 1638 407 1718 qui⁵
427 1653 517 1700 cetera
532 1661 565 1701 ex
579 1644 726 1702 interdicto
741 1660 796 1700 non
817 1644 915 1714 iaciat,
939 1643 1015 1699 uelut
1036 1643 1083 1716 qul

119 1732 174 1786 uim
193 1745 248 1785 non
268 1728 365 1791 iaciat.
390 1719 586 1784 aut‘iriuctum
608 1744 663 1783 non
685 1728 817 1798 licentur,
841 1736 902 1798 ant,
924 1717 989 1784 cum
1014 1726 1084 1782 uicit

121 1813 228 1869 fructus
251 1813 366 1869 licitatio
375 1804 437 1881 ne,⁶
458 1820 516 1867 sats
538 1829 592 1868 non
616 1813 674 1882 det,
697 1820 743 1868 aut
765 1804 829 1889 '[si]
850 1813 1014 1885 sponsiones
1029 1826 1083 1866 uon

121 1897 214 1967 iaciat,
231 1892 295 1970 (erc)
312 1887 559 1970 sponsionibusne⁷
581 1895 678 1953 iudicia
701 1911 755 1952 uon
776 1897 898 1968 accipiat,
917 1896 974 1950 siue
995 1895 1083 1968 possi·

195 2046 219 2116 ¹)
235 2049 280 2100 Sic
289 2065 325 2099 ea:
339 2047 367 2098 V
366 2043 389 2080 'i
395 2047 560 2097 scribendum
570 2048 632 2111 fuit,
647 2047 692 2097 ubi
700 2049 789 2109 prima
803 2046 1084 2110 litteraectscequenti

121 2122 209 2183 spatio
223 2135 272 2170 aere
286 2121 441 2175 litterarum,
455 2117 591 2183 exquiliae
600 2120 690 2167 ultima
699 2116 756 2182 t(er)
768 2118 853 2180 fuerit
866 2124 961 2167 notata.
978 2117 1084 2179 fructus

33 2228 37 2231 -
122 2192 236 2240 licitatio
255 2198 279 2240 et
297 2192 367 2253 ipsos
382 2190 489 2252 fruetus
506 2203 600 2253 eosque
617 2204 635 2237 a
653 2190 750 2239 uictore
764 2189 911 2237 destinantes
929 2186 1083 2237 continebat.

61 2297 65 2300 <
122 2259 175 2328 (Cf.
192 2256 297 2310 ‘Gaius'
309 2276 337 2323 p.
353 2257 419 2324 tse)‚·
432 2275 480 2309 nec
494 2260 576 2324 ipitur
589 2273 654 2321 opus
668 2260 753 2323 tepere
773 2254 816 2307 ‘de
829 2257 962 2321 fructibus
976 2254 1010 2306 et’
1027 2272 1084 2307 cum

122 2332 163 2380 ed.
174 2346 229 2379 mea
239 2342 260 2382 a.
311 2326 333 2395 ²)
343 2330 446 2392 accipiat
457 2329 483 2379 0.
498 2329 600 2393 accipiet
609 2329 650 2378 ed.
659 2327 707 2393 Bp.
760 2324 781 2393 ³)
797 2329 814 2377 i.
826 2343 848 2377 e.
858 2343 924 2392 quae
933 2328 1083 2378 necessaria

122 2408 207 2458 erant,
222 2408 250 2451 ut
262 2416 306 2450 ree
319 2401 355 2449 ad
368 2400 479 2450 iudicem
490 2401 579 2449 uenire
590 2405 685 2463 poscet.
737 2394 759 2464 ⁴)
774 2396 843 2459 Quae
852 2405 995 2463 sequuntur
1006 2412 1084 2462 neque

122 2472 159 2521 ad
167 2488 189 2521 o.
200 2484 212 2523 s
222 2470 301 2522 uerba
311 2485 341 2520 ne
356 2471 436 2532 iaciat,
451 2468 576 2521 debentur
592 2468 619 2519 V
620 2465 643 2501 ὅ*
654 2471 793 2520 seeundum
807 2471 957 2519 relationem
966 2468 1085 2534 Krnperi

122 2541 204 2605 (Krit.
229 2542 304 2591 Vere.
323 2557 352 2604 p.
370 2539 421 2606 aa),
444 2541 520 2590 cuiue
542 2542 618 2589 etiam
641 2541 816 2591 correctiones
839 2540 962 2605 quasdam
987 2540 1082 2602 recepi.

121 2611 191 2661 Edd.
203 2624 223 2663 1.
234 2624 255 2662 s.
269 2626 359 2661 eorum
372 2617 397 2660 et
410 2626 475 2675 quae
488 2618 631 2674 sequuntur
645 2611 796 2659 sententiam
809 2625 844 2659 eu
852 2609 967 2659 Blnltmii
975 2608 1084 2660 Schedia

121 2683 256 2732 resarcire
275 2688 383 2731 caremus
401 2695 486 2738 eram,
503 2695 638 2738 mcceeeu,
657 2688 685 2729 ut
703 2695 771 2729 nunc
786 2687 877 2743 paret,
899 2680 1014 2742 infelici:
1036 2694 1084 2728 nec

121 2754 227 2809 mirum,
245 2767 302 2801 cum
321 2765 386 2815 quae
403 2748 494 2799 Stans
511 2753 585 2815 lepit,
605 2766 693 2801 earum
711 2764 776 2814 puae
792 2749 833 2798 Bi.
853 2756 1014 2807 enotacerut,
1033 2755 1084 2797 tane
1111 2743 1115 2748 ’

122 2823 262 2877 dissimilia
274 2823 341 2880 sint,
361 2828 401 2879 ut,
420 2822 473 2870 nisi
486 2821 519 2870 de
529 2822 582 2884 fide
595 2822 731 2884 utriusque
749 2827 891 2878 coenaret,
910 2820 990 2869 alium
1005 2820 1084 2869 aliam

118 2894 246 2958 papinum
256 2907 325 2956 prae
338 2893 422 2942 oculis
436 2890 556 2940 induisse
570 2892 697 2942 crederes.
759 2887 781 2956 ⁶)
790 2888 921 2954 Scriptum
927 2891 1026 2953 fuerit:
1039 2890 1084 2939 hec

122 2970 136 3012 e
156 2970 182 3011 ut
200 2960 270 3029 q(ui).
287 2989 320 2999 -
337 2962 451 3011 Ceterum
470 2962 531 3012 ltine
544 2977 673 3025 apparere
691 2962 807 3019 uidetur,
825 2976 894 3019 eum,
912 2962 957 3024 qui
968 2961 1085 3024 linctum

122 3034 248 3083 licitando
263 3041 350 3083 cetera
364 3048 399 3081 ex
413 3033 553 3083 interdicto
564 3033 658 3094 facere
672 3033 811 3095 inciperet,
827 3047 844 3080 a
854 3038 979 3094 praetore
993 3032 1025 3089 ei,
1040 3030 1085 3094 qui

122 3104 172 3152 cim
179 3104 290 3167 faceret,
300 3104 376 3167 quasi
382 3104 584 3166 aequiperatum,
595 3104 640 3167 qui
647 3116 798 3166 quacunque
805 3102 908 3151 ratione
915 3116 966 3152 aon
973 3102 1084 3165 faceret,

117 3188 170 3237 pro
186 3175 293 3239 indipno
307 3176 353 3238 qui
366 3174 470 3222 interim
480 3173 640 3235 possideret,
654 3171 767 3221 lubitum
781 3187 843 3223 esse.
908 3168 929 3237 ⁶)
944 3188 959 3235 q
974 3170 1019 3236 (-
1034 3162 1084 3234 qut')

121 3244 213 3293 iructns
231 3244 371 3293 licitationis
395 3239 440 3291 V't
457 3244 485 3291 in
503 3258 553 3307 quo
572 3244 706 3306 offendens
724 3242 866 3305 quiritium
884 3242 997 3299 indicat,
1011 3248 1084 3305 post·

121 3330 197 3377 quam
211 3329 246 3363 eae
259 3314 404 3375 licitatione,
419 3313 577 3363 adhaerente
590 3329 602 3362 s
617 3328 652 3363 em
667 3313 738 3374 satis,
753 3313 853 3376 factum
867 3318 925 3361 erat
937 3311 1085 3371 imitationis,

120 3399 156 3433 ea:
170 3384 252 3432 c'uicit
266 3384 365 3433 abiecto
380 3385 413 3433 cit
427 3390 536 3433 enatum.
590 3379 610 3449 ⁷)
623 3382 734 3447 Scripsi.
759 3383 781 3431 si
795 3381 987 3448 sponsionib(us)
999 3378 1003 3451 Ι
1015 3380 1085 3448 ιι(οι])

193 3510 220 3582 ξ.
237 3516 296 3565 169.
313 3514 350 3577 Os.
362 3517 385 3576 ξ.
397 3526 443 3566 atto.
462 3514 552 3580 Polyb.
563 3525 597 3576 ts,
607 3526 628 3565 s.
645 3514 716 3562 indie.
728 3510 803 3581 solui]
813 3514 847 3575 cf.
858 3516 882 3576 5.
892 3526 926 3565 st.
981 3508 1083 3582 §.170⁸

122 3585 161 3648 Of.
179 3585 297 3635 Frontin.
309 3600 338 3648 p.
352 3596 387 3648 44,
401 3596 422 3636 4.

827 3668 883 3722 26*
