2550 4000
395 254 457 288 ann
475 255 578 290 1usu1r.
595 235 645 290 lv.
662 243 771 294 95-98.
1003 243 1066 308 379

96 398 175 470 olim,
191 415 252 454 cum
267 398 329 473 lege
345 397 486 472 agebatur,
501 414 552 470 pro
568 397 615 452 lite
631 407 658 453 et
674 399 810 469 uindiciis,
825 399 852 454 id
868 409 910 455 est
926 418 976 474 pro
992 418 1022 457 re
1037 411 1066 458 et

96 482 244 554 fructibus,
262 501 277 539 a
289 497 451 556 possessore
462 483 571 555 petitori
585 481 728 540 dabantur.
757 480 805 556 95.
819 483 942 540 Ceterum
956 487 979 540 si
992 488 1066 559 apud

96 569 287 625 centumuiros
308 568 414 642 agitur,
437 582 567 635 summam
585 569 743 640 sponsionis
765 585 821 624 non
846 586 896 642 per
920 569 1064 626 iormularn

96 653 235 727 petimus,
255 652 303 708 sed
326 650 459 726 perlegis
474 652 624 724 actionem,
648 661 815 709 sacramento
837 647 1064 734 ’lquinpenorio)

97 739 181 794 modo
196 754 244 794 reo
260 730 442 810 prouocat03¹
461 752 546 809 eaque
562 739 674 809 sponsio
690 739 880 794 sestertiorum
893 755 974 796 cxxv
987 757 1063 795 num·

21 845 80 898 [297]
96 839 173 878 mum
199 820 267 877 'lieri
291 815 382 878 solet²
404 815 409 897 l
432 829 546 895 propter
571 820 670 895 ’legem
692 853 733 862 —-
755 852 796 876 -.
818 816 886 881 -.3
931 819 981 880 96.
1004 823 1133 898 ipsese&

96 915 204 978 autem,
228 909 275 980 qui
294 907 322 962 in
337 921 395 962 rem
410 907 482 978 agit,
505 907 529 960 si
548 923 600 962 suo
620 908 728 962 nomine
750 917 828 982 agat,
851 903 917 964 satis
933 925 987 964 non
1009 908 1062 969 dat.

95 987 146 1049 97.
170 993 208 1047 dc
223 1007 274 1046 nec
292 992 315 1046 si
336 1007 386 1063 per
399 991 571 1063 cognitorem
586 989 695 1062 quidem
717 999 828 1066 agatur,
850 993 903 1048 ulla
923 992 1063 1049 satisdatio

96 1076 144 1132 uel
166 1075 200 1131 ab
224 1078 284 1148 ipso
307 1074 352 1130 uel
371 1091 386 1129 a
407 1075 517 1131 domino
545 1073 730 1132 desideratur:
755 1093 815 1132 cum
839 1078 908 1134 enim
931 1079 1013 1133 certis
1036 1087 1064 1132 et

97 1162 177 1234 quasi
193 1158 369 1216 sollemnibus
386 1159 478 1215 uerbis
501 1160 527 1214 iu
548 1157 638 1215 locum
654 1160 756 1216 domini
772 1160 954 1217 substituatur
969 1164 1063 1235 cogrui-

96 1254 158 1317 tor,
186 1246 283 1300 merito
305 1244 407 1300 domini
435 1244 497 1300 loco
519 1242 643 1300 habetur.
688 1241 738 1301 98.
761 1245 926 1302 Procurator
948 1263 1015 1302 uero
1040 1247 1061 1301 si

96 1338 173 1404 agat,
188 1328 321 1385 satisdare
336 1328 446 1385 iubetur
467 1338 557 1385 ratam
572 1345 628 1384 rem
645 1328 782 1385 dominum
800 1329 967 1386 habiturum:
990 1332 1062 1404 peri·

95 1457 159 1520 quia
172 1455 212 1504 ed.
227 1454 275 1521 Bp.
299 1455 353 1504 Sed
365 1462 428 1505 tunc
437 1470 491 1504 esse
501 1454 618 1505 dederet:
632 1462 656 1503 ei
666 1455 728 1519 quia.
753 1454 825 1504 Nunc
837 1451 917 1504 ‘nam’
934 1455 973 1504 ed.
984 1454 1031 1521 Bp.
1042 1466 1061 1507 5.

174 1523 195 1590 1)
209 1522 506 1595 rrrrelrep(ro)uocatu(oel
520 1524 552 1592 o).
590 1524 635 1575 Sic
649 1526 709 1589 fere
729 1525 755 1574 V
756 1523 777 1558 Β*
787 1528 885 1589 partim
900 1541 935 1575 eac
948 1525 1063 1576 Blabmii

95 1606 122 1648 et
148 1597 239 1648 Gdsclt.
262 1597 355 1649 Sobed.
393 1597 425 1647 In
446 1597 472 1648 0.
492 1605 554 1661 post
576 1604 726 1647 sacramento
750 1599 852 1648 ratione
875 1598 951 1646 etium
973 1597 1062 1647 babitu

98 1669 193 1720 Giton.
207 1669 299 1720 Subari.
317 1670 402 1732 fuisse
420 1676 497 1718 antea
515 1669 578 1718 milti
594 1667 730 1718 uidebatur
743 1668 816 1718 Dario
833 1669 837 1730 l
853 1675 983 1732 repuocats
997 1668 1061 1732 (pro

96 1756 139 1790 reo
154 1739 297 1807 prouocato)
321 1741 391 1806 qaod
409 1739 603 1804 interpretabar
621 1740 776 1802 quingenario
792 1739 836 1802 (cf.
852 1740 924 1802 t,15)
944 1753 984 1788 reo
1004 1755 1060 1803 pro·

95 1821 191 1862 uocato.
231 1811 318 1876 Neque
341 1813 407 1860 enim
428 1812 510 1874 focile
529 1818 636 1874 poterat
656 1809 737 1860 Gaius
759 1811 917 1859 sacramenti
942 1825 1061 1859 summam

94 1885 227 1941 omittere,
242 1899 298 1932 cum
311 1883 460 1945 sponsionis
474 1878 607 1945 definirem
626 1882 663 1930 ad
676 1882 847 1930 centumuiros
861 1896 921 1930 uero
939 1880 1061 1930 derebus

95 1954 239 2005 oratoribus
257 1961 354 2005 tontum
372 1960 457 2004 actum
471 1968 526 2003 esse
542 1959 644 2003 constat
662 1958 687 2002 et
705 1952 828 2002 Valerius
843 1951 946 2003 Probus
964 1959 1061 2003 tantum

93 2034 285 2077 sacramentum
299 2028 498 2091 quinpenarium
512 2026 590 2075 nouit.
615 2026 667 2073 iam
682 2040 738 2073 cum
752 2023 841 2073 stans
855 2031 974 2082 testetur,
990 2026 1015 2073 in
1034 2024 1059 2076 O.

94 2098 168 2148 llario
183 2113 234 2148 non
246 2099 344 2161 fuisse,
363 2098 412 2148 boc
425 2113 443 2146 a
458 2096 568 2146 librario
583 2097 702 2146 ambrum
715 2096 808 2153 statui,
825 2095 919 2145 deinde
933 2110 994 2145 aero
1009 2112 1059 2146 non

94 2171 160 2219 enim
175 2168 310 2235 (notatum)
325 2184 359 2218 eac
372 2167 414 2217 Bt.
428 2166 531 2226 Sobed,
545 2167 615 2231 quod
627 2169 728 2225 sensui,
743 2182 790 2216 nec
805 2166 860 2215 inde
876 2165 926 2231 (ed.
941 2165 973 2230 3),
993 2167 1061 2231 quod

92 2242 246 2304 scripturae
262 2240 288 2289 0.
299 2256 350 2290 non
363 2240 489 2296 conuenit,
504 2239 551 2288 sed
564 2254 633 2287 nunc
647 2235 740 2302 miodo)
754 2240 879 2301 scriptum
891 2238 975 2300 fnisse
985 2245 1059 2299 puto,

93 2312 145 2361 boo
158 2327 249 2370 sensu,
269 2311 339 2375 quod
351 2324 412 2359 reus
426 2318 524 2359 tantum
538 2308 749 2372 praeambulum
768 2324 830 2374 erpo
845 2315 899 2358 tota
917 2309 981 2357 daec
996 2310 1060 2373 lepis

93 2384 165 2433 actio
180 2383 254 2433 modo
274 2384 341 2431 dicis
357 2384 448 2447 pratia
463 2384 489 2430 in
505 2396 553 2430 usn
571 2387 673 2429 retenta
689 2386 754 2430 erut.
781 2380 896 2442 sortasse
911 2395 971 2429 uero
982 2382 1061 2442 prius

93 2469 121 2503 re
136 2470 172 2503 ex
191 2452 288 2520 (slte)ro
307 2455 440 2503 remansit.
473 2452 516 2502 sed
535 2451 656 2515 perlegis
674 2451 804 2512 actionem
825 2459 974 2501 sacramento
997 2452 1060 2499 enim

93 2540 165 2574 rcum
179 2540 339 2590 prouocemus
353 2525 411 2573 edd.
426 2530 452 2573 et
465 2540 520 2573 mea
534 2537 569 2586 1.,
588 2525 616 2572 iu
630 2538 682 2587 qua
695 2537 747 2586 pro
762 2538 830 2571 reum
846 2524 878 2586 cj.
894 2536 1060 2586 possessorem

93 2598 165 2647 notis
177 2599 311 2661 scriprtum.
368 2591 389 2660 ²)
404 2596 430 2643 dt
443 2595 542 2644 scilicet
555 2594 612 2643 edd.
624 2609 694 2643 meae
708 2607 728 2644 1.
739 2604 759 2643 2.
777 2602 802 2643 et
815 2609 849 2643 ex
863 2596 895 2656 ci.
907 2609 975 2643 nune
985 2592 1059 2643 Stud.

98 2666 174 2727 Quod
187 2669 214 2717 in
231 2668 256 2717 0.
273 2674 344 2717 certo
359 2681 410 2715 non
424 2681 492 2724 esse,
511 2666 564 2713 fieri
578 2664 640 2713 solet
653 2666 778 2727 seriptum
795 2665 878 2728 fuisse
893 2679 983 2727 posse,
1004 2680 1060 2713 eum

93 2738 185 2787 Sidus
199 2745 319 2797 testetur,
339 2753 407 2786 nunc
425 2736 474 2786 boc
492 2737 572 2786 edidi.
647 2731 668 2798 ³)
683 2735 896 2800 legemcreperiam
916 2730 967 2783 Vll.
992 2735 1059 2783 unde

94 2810 173 2871 legem
191 2810 295 2874 quidam
313 2808 465 2871 Crepereiam
484 2808 533 2857 alii
552 2805 669 2870 Papiriam
694 2808 837 2855 uolucrum.
870 2804 995 2869 Equidem
1014 2806 1060 2853 vix

92 2880 192 2938 dubito,
208 2880 237 2929 ta
250 2880 319 2945 qaod
332 2882 359 2928 in
375 2879 402 2931 0.
417 2879 586 2941 conspicitur,
601 2884 724 2940 corrupte
738 2892 793 2925 esse
806 2877 931 2939 scriptum
942 2891 994 2939 pro
1008 2876 1059 2937 lege

94 2952 136 3001 iul.
153 2952 270 3016 papirium
285 2973 319 2993 =
334 2951 410 3013 legem
429 2950 512 2999 luliam
527 2949 659 3012 Papiriam,
679 2964 744 3011 qnae
763 2950 808 2996 icoc
826 2949 880 2996 lata
899 2963 923 2996 α.
939 2958 978 2998 324
994 2944 1058 3011 (Cic.

92 3023 128 3072 de
142 3039 197 3087 rep.
208 3035 229 3085 2,
244 3033 278 3074 tio.
298 3023 357 3074 Lio.
367 3033 389 3085 4,
399 3019 436 3086 so)
451 3022 528 3070 etiam
541 3021 590 3070 boc
604 3020 707 3068 uidetur
721 3020 850 3077 sanxisse,
866 3033 897 3067 ne
911 3033 1060 3068 sacramen-

167 3126 192 3198 ᾗ.
208 3131 251 3181 95.
272 3130 311 3193 Cf.
326 3131 350 3191 ὅ.
365 3140 399 3179 ³1.
418 3128 540 3192 perlegis
559 3124 689 3193 actionem]
711 3124 796 3175 Antea
816 3127 891 3175 etiam
910 3127 967 3188 ipsa
986 3125 1060 3174 bere-

92 3201 165 3250 ditas
179 3217 231 3265 per
250 3203 315 3267 lepis
328 3202 456 3250 actionem
469 3198 661 3248 vindicabatur.
688 3197 740 3247 Cio.
760 3196 837 3245 Verr.
852 3209 874 3258 1,
887 3207 921 3248 45.
946 3196 977 3245 de
992 3203 1058 3245 orat.

94 3284 116 3333 1,
130 3283 157 3323 38
168 3273 214 3336 fin.
229 3273 299 3337 quod
312 3279 405 3336 postea
424 3270 561 3326 abolitum·
579 3269 741 3333 nequeenim
760 3268 889 3318 uindicias
907 3267 1060 3317 hereditatis

92 3344 151 3393 dici
157 3346 270 3408 placuit,
284 3345 360 3393 ouius
369 3345 466 3392 nullum
475 3342 627 3391 retinendae
633 3340 808 3402 possessionis
818 3338 982 3387 interdictum
993 3345 1058 3386 erat.

95 3413 135 3478 Of.
156 3414 245 3464 Valer.
262 3414 340 3465 Prob.
355 3426 376 3465 4.
432 3409 457 3482 ξ.
473 3416 515 3465 st.
538 3412 576 3476 Cf.
592 3414 615 3474 §-
631 3424 664 3463 83.
687 3412 730 3460 Fr.
747 3409 863 3460 Vatari.
918 3404 943 3477 ξ.
960 3410 1002 3459 98.
1020 3408 1058 3470 Cf.

88 3501 134 3549 pr.
155 3484 177 3534 I.
197 3486 222 3535 b.
242 3493 259 3535 t.
279 3486 360 3537 Lat.
381 3488 404 3548 ξ.
421 3499 441 3536 1.
461 3485 542 3537 Lssae.
561 3485 585 3545 ὃ.
601 3497 620 3534 1.
646 3484 678 3531 Ι),
693 3483 725 3532 de
741 3497 816 3544 proc.
832 3479 867 3545 (3,
882 3478 913 3545 3).
935 3479 978 3528 Fr.
1000 3476 1059 3528 Vnt.

91 3568 140 3608 ees.
163 3557 276 3607 Consule.
291 3569 311 3609 e.
332 3557 363 3605 L.
379 3568 413 3608 ee.
434 3558 457 3618 §-
471 3568 492 3607 s.
512 3556 544 3604 Ι).
559 3561 644 3605 ratam
663 3569 717 3603 rem
732 3550 782 3619 (co,
797 3550 828 3617 s).
849 3549 880 3599 L.
897 3564 930 3601 11.
945 3552 968 3612 ξ.
985 3562 1004 3602 a.
1025 3550 1058 3599 t).

91 3629 125 3677 de
140 3644 198 3678 eoae.
214 3630 255 3678 rei
269 3629 323 3682 tud.
338 3627 383 3695 (tt,
398 3627 429 3693 2).
