2550 4000
526 552 667 626 osu
901 643 904 648 ⁵

341 685 542 751 RELIQVA
566 685 854 742 FRAGMENTA.
913 728 915 733 .

358 850 399 889 ex
419 822 525 890 Lienis
547 849 589 890 so
611 851 657 892 x11
680 849 829 892 suessos.

29 1013 96 1065 1325}
163 1002 188 1062 1.
219 995 321 1073 1Γαὶϊος
349 994 366 1060 ὃ
395 996 580 1101 νομονρρὶφος
661 1005 750 1063 Gaius
769 1009 992 1062 iurisconsultus
1009 1015 1076 1078 post

35 1160 39 1163 ,
116 1083 192 1164 μετὰ
221 1083 276 1163 τὴν
303 1093 364 1144 noir
389 1085 582 1189 ιιναιστώρων
617 1097 803 1162 quaestorum
825 1093 1023 1163 moqistrotum
1041 1093 1076 1146 lle

116 1169 176 1248 την
188 1165 416 1248 δεκανδριιιην
399 1191 493 1247 αρχην
510 1164 581 1227 αἰνα·
617 1177 804 1230 deeemoirali
835 1176 928 1230 uerbis
965 1175 1077 1232 Graece

119 1249 582 1355 φέρει,ῥήμασιτιρὸςὲρμηνείαν
617 1261 710 1316 uersis
722 1260 851 1330 explicat
862 1259 954 1314 bisce.-
948 1252 1081 1331 Moqnu

120 1334 246 1409 τούτοις.
285 1340 393 1415 πολλῆς
416 1334 449 1396 δὲ
472 1335 580 1432 σνγχύ-
618 1349 712 1398 nutem
759 1341 931 1413 confusione
973 1345 1073 1415 lepram,

120 1438 197 1521 oenc
223 1430 284 1480 των
310 1420 475 1498 vinomo
459 1414 509 1479 οἷα
540 1443 580 1497 μη
617 1429 724 1498 quippe
757 1440 832 1498 quoe
860 1430 987 1496 scriptae
1019 1443 1076 1484 non

119 1505 269 1606 γράμμασι
297 1502 490 1581 τεθειμένων,
520 1509 580 1575 τοῖς
617 1517 722 1580 esseut
745 1513 774 1564 in
796 1525 857 1580 rep
878 1525 917 1565 ex
932 1512 1076 1566 discordia

121 1585 273 1694 πράγμασι
294 1586 506 1667 γινομένηςιι
474 1586 506 1648 ln
528 1597 580 1665 τῆς
617 1597 836 1666 moqislrotuum
857 1595 1007 1666 plebisque
1032 1611 1077 1650 oo·

121 1682 185 1733 ταῖν
195 1670 348 1771 ἀρχόντων
358 1670 408 1739 καὶ
419 1680 472 1730 τοῦ
485 1671 581 1748 δῆμον
618 1686 692 1746 orta,
707 1680 847 1733 communi
858 1686 976 1733 senatus
984 1696 1077 1749 popu·

105 1757 280 1834 ’διαφορας,
292 1751 415 1834 (loquum
428 1777 517 1814 ιιοινω
530 1777 581 1832 της
617 1763 693 1832 lique
723 1763 834 1832 placito
868 1776 965 1816 omnes
991 1765 1077 1834 moqi·

121 1843 233 1944 βουλῆς
244 1839 294 1899 καὶ
305 1861 356 1898 τον
345 1838 461 1916 δ’ήμον
472 1838 581 1910 πάντες
618 1851 730 1901 stratus
742 1845 848 1900 sublati
859 1861 895 1898 oe
905 1847 1001 1900 decem
1015 1854 1078 1900 ton·

123 1923 182 2004 μὲν
195 1923 259 1985 oi’'
238 1945 376 2023 αρχοντες
388 1919 581 2002 ἐκινήθησαν,
619 1936 678 1985 tum
689 1932 758 1984 uiris
770 1944 842 1984 euru
855 1932 928 2000 reip.
941 1931 1078 1985 mundata

123 2008 196 2069 δέκα
217 2004 303 2068 δὲ’
265 2030 367 2084 μονοις
387 2004 559 2084 ἀνδράσι
528 2030 584 2083 την
619 2022 670 2070 est.
698 2017 755 2085 ipsi
769 2028 847 2083 uero,
863 2020 933 2069 teste
948 2014 1077 2083 historin,
1090 2012 1096 2021 '

123 2093 267 2174 φροντίδα
282 2116 335 2170 της
346 2092 492 2163 nolimu,
506 2113 582 2171 τιαρ-
619 2100 748 2153 Allienus
790 2100 904 2152 mittunt
943 2097 1078 2168 Spurium

42 2197 112 2245 [see]
124 2176 241 2239 εδοσαν
268 2198 353 2236 αατοι
345 2174 401 2236 δε
416 2174 584 2236 orobionem
619 2182 919 2249 Postumium,Autum
934 2181 1078 2237 Marcium

74 2319 78 2328 ,
125 2255 582 2363 (ἡῖστορίαιφησιν)ει’ςἈθήνας
620 2274 648 2321 et
669 2266 799 2321 Publium
823 2266 987 2334 Sulpicium
1030 2269 1080 2338 qui

126 2343 279 2424 Σιιονριον
297 2345 501 2450 Ποστορμιον,
515 2337 580 2403 Ab·
618 2352 685 2406 dum
705 2350 745 2404 ibi
765 2363 821 2419 per
837 2352 989 2405 triennium
1005 2367 1078 2407 com·

124 2434 178 2489 λον
201 2428 344 2508 Μάρκιον
363 2452 413 2489 uon
404 2427 583 2488 Πονιιλιον
618 2440 786 2499 morantur,
803 2434 894 2489 donec
910 2438 995 2490 etium
1010 2433 1078 2491 reti-

125 2514 317 2573 Σουλπίκιον.
340 2515 399 2572 τῶν
415 2509 476 2572 δὲ
462 2512 510 2572 επι
522 2535 581 2591 τρι·
619 2534 693 2592 quas
707 2518 920 2573 Atheniensium
940 2521 1018 2592 leqes
1032 2520 1079 2575 de·

125 2606 176 2675 ετῆ
183 2593 290 2675 χρόνον
298 2593 585 2676 ἐκεῖβραδννὸντων,
619 2617 680 2658 cem
696 2603 800 2657 tabulis
814 2604 967 2673 colliqunt,
984 2605 1080 2658 decem

125 2679 181 2753 ἕως
206 2680 256 2740 καὶ
284 2679 352 2751 τοὺς
373 2678 583 2758 λειπομένονςῖ
620 2689 696 2743 uiros
717 2687 845 2756 populus
875 2690 984 2741 creauit
1007 2689 1078 2756 reip.

106 2911 109 2918 ¹
200 2850 219 2919 ¹)
230 2853 268 2902 De
275 2854 327 2916 fide
336 2853 414 2902 bilius
423 2856 475 2903 loci
487 2854 582 2903 Guioni
592 2869 643 2903 non
653 2858 755 2902 constat
764 2853 832 2900 inter
842 2852 931 2901 doctos
941 2853 1019 2901 uiros.
1041 2851 1079 2915 Cf.

123 2924 239 2973 Dirlrsen
255 2924 282 2971 V
279 2940 339 2973 erm.
349 2923 425 2972 Sobr.
432 2940 459 2986 p.
466 2935 490 2975 56
500 2939 552 2988 seq.
572 2924 641 2973 Mitt
651 2924 751 2987 quictem
757 2937 912 2985 persuasum
922 2929 968 2984 est,
979 2922 1081 2986 Lydum
1110 2980 1112 2985 Ι

123 2996 194 3043 buno
208 2997 290 3043 locum
304 3010 355 3043 non
369 2995 469 3059 quidem
483 3001 511 3042 ut
524 2998 633 3043 alierum
644 2995 675 3043 de
685 2992 865 3058 quaestoribus
880 2990 911 3058 (1,
926 2991 970 3056 26),
986 2994 1017 3042 de
1032 3007 1080 3057 quo

124 3067 177 3114 iam
191 3080 262 3114 nemo
276 3064 383 3123 dubitat,
398 3080 489 3114 errore
504 3072 601 3114 tontum
618 3065 683 3114 Gaio
698 3064 819 3113 tribuisse
833 3070 858 3113 et
871 3079 965 3113 revera
979 3066 1037 3112 item
1047 3079 1086 3112 ex-

124 3136 159 3184 L.
174 3146 195 3185 2.
215 3135 246 3183 D.
262 3136 294 3183 de
308 3136 374 3200 oriq.
389 3136 440 3183 iur.
456 3132 487 3199 (1,
501 3133 524 3201 2)
539 3137 660 3184 sumsisse
666 3152 675 3191 ,·
686 3137 767 3197 plura
781 3136 847 3183 enim
861 3140 886 3183 et
895 3136 949 3183 alia
960 3136 1080 3191 eontinet,

125 3221 202 3270 quom
213 3205 370 3269 Pomponius
384 3205 421 3254 ibi
430 3207 470 3267 ἐξ.
480 3217 501 3256 s.
512 3218 532 3255 4.
543 3216 577 3256 24.
588 3206 685 3262 trodit;
699 3206 745 3254 sed
758 3220 805 3254 neo
820 3204 855 3253 ad
864 3204 965 3253 uerbum
975 3220 1010 3253 en
1022 3204 1082 3253 Gali

124 3276 203 3325 libris
217 3277 253 3324 od
264 3282 312 3322 XII
323 3274 373 3325 tub.
389 3278 566 3335 transtulisse,
586 3278 659 3326 immo
675 3278 791 3341 fortasse
809 3276 855 3325 bos
870 3278 940 3339 ipsos
955 3275 1036 3324 libros
1050 3289 1081 3324 ne

125 3347 227 3410 quidem
241 3347 351 3401 uidisse:
372 3348 461 3395 insunt
474 3349 540 3395 enim
559 3350 691 3411 complura
710 3362 774 3411 quoe
791 3346 871 3395 Gaius
885 3346 933 3395 boo
948 3345 1020 3395 modo
1036 3347 1082 3395 oie:

125 3418 234 3465 dixerit.
269 3417 356 3467 Potest
375 3418 463 3475 eiiam,
487 3424 515 3466 ut
533 3432 567 3466 en
588 3418 653 3467 Gaio
677 3424 774 3467 tontum
793 3418 887 3479 priora
908 3432 986 3480 usqne
1005 3417 1041 3465 od
1058 3432 1080 3465 ν.

124 3482 288 3550 παρέδοσαν
295 3488 434 3551 fluxerint,
449 3503 513 3551 quoe
527 3496 679 3553 sequuntur,
694 3504 728 3538 ero
738 3489 798 3537 aliis
809 3487 934 3537 historiae
943 3489 1080 3550 scriptori·

125 3557 173 3606 bus
187 3564 295 3606 consuta
308 3559 368 3608 sint.
426 3555 448 3622 ¹)
462 3558 486 3607 i.
501 3573 522 3607 e.
538 3574 602 3622 quus
615 3560 690 3609 initio
706 3560 880 3623 nepteooeront.
