2550 4000
224 242 288 308 310
513 257 575 293 aaut
593 258 692 293 xnsrxa.
710 238 759 295 Ill.
776 244 898 295 951-97.
930 318 936 329 ·

226 396 290 458 95⁸.
306 441 312 455 .
330 439 337 456 .
356 404 360 466 Ι
380 394 414 455 ¹si
435 399 543 456 debitor
563 400 683 456 mulieris
697 401 775 455 iussu
791 401 864 469 eius,
887 398 951 455 dum
974 402 1055 457 modo
1071 406 1195 455 anctore

226 490 321 542 tutore
338 484 427 541 eidem
443 488 447 552 l
465 484 522 541 doti
539 484 609 541 dicat
625 484 699 558 quod
715 483 804 540 debet.
834 484 901 540 alius
917 493 1007 540 autom
1023 483 1150 557 obligari
1163 500 1194 539 eo
1262 475 1264 496 '

225 571 326 636 modat
344 584 398 625 nou
414 578 515 644 potest.
540 572 544 637 l
569 578 597 625 et
611 568 673 624 ideo
689 570 712 626 si
727 571 789 642 quis
804 569 876 625 alins
894 587 950 640 pro
965 572 1086 626 muliere
1101 570 1194 625 dotem

224 656 289 711 niro
307 658 471 726 promittat,
496 654 643 713 oomtntuni
662 654 722 709 iure
743 653 863 726 obligari
883 655 1007 723 debebit,
1034 656 1149 709 scilicet
1162 656 1195 707 'nrt

225 731 1193 812 mmmmmmwmsbifflmmmwmmdfflm

224 825 450 895 interropotione
471 826 523 879 olii
539 826 723 894 promittente
743 824 926 880 contrabitur
946 824 1096 897 obiipatio,
1120 825 1150 877 si
1164 824 1195 877 ti-

225 908 324 963 bertus
337 914 462 976 patrono
474 915 525 964 out
535 910 641 964 donum
652 916 702 964 ant
713 923 817 964 manus
828 915 880 963 aut
891 923 998 979 operas
1010 922 1041 963 se
1055 908 1194 962 daturum

225 1006 289 1047 esse
309 995 433 1063 iurauit,
458 999 485 1047 et
502 996 506 1062 Ι
523 994 546 1047 si
561 992 627 1047 haec
647 991 703 1049 sola
719 1008 799 1047 eausa
814 1000 873 1061 est,
895 1008 927 1046 ex
949 1007 1002 1065 qua
1017 990 1193 1047 iureiurando

226 1075 397 1131 contrahitur
413 1079 417 1143 l
435 1074 576 1150 obligatio.
613 1092 679 1132 sano
700 1092 732 1131 ex
753 1076 802 1132 alia
822 1074 896 1132 nulla
916 1092 997 1132 causa
1018 1074 1192 1131 iureiurando

158 1156 349 1217 litlanton
365 1153 370 1239 Ι
388 1160 560 1234 obligantur,
582 1162 678 1234 utique
693 1177 754 1217 oum
775 1160 921 1234 quaeritur
935 1160 969 1215 de
985 1161 1043 1215 iuro
1059 1160 1193 1215 Romano·

160 1225 176 1263 ι·
192 1233 210 1265 ⁸·
224 1261 294 1302 rum.
317 1262 378 1302 uam
390 1248 464 1319 apud
473 1246 634 1319 peregrinos
647 1244 712 1317 quid
724 1246 791 1301 iuris
802 1246 848 1316 sit,
858 1244 1028 1318 singularum
1040 1246 1191 1301 ciuitatium
1200 1259 1241 1311 {nst

226 1321 931 1403 immfflmmffimmwwwmei

288 1408 335 1469 97.
360 1413 387 1469 Si
402 1414 440 1485 id,
456 1414 528 1487 quod
545 1414 601 1469 dari
618 1413 790 1488 stipulamur,
807 1413 859 1471 tale
875 1415 921 1486 sit,
937 1422 967 1470 ut
984 1413 1041 1469 dari
1057 1430 1113 1469 uon
1129 1430 1192 1487 pos·

225 1497 275 1568 sit,
299 1497 403 1553 inutilis
426 1507 469 1554 est
491 1496 645 1572 stipulatio,
676 1497 754 1554 uelut
775 1500 799 1554 si
821 1500 882 1570 quis
905 1499 1042 1554 homiuem
1066 1497 1190 1569 liberum,

224 1648 307 1698 dotem
325 1649 433 1698 dixerit.
471 1649 530 1699 Hae
549 1656 647 1699 tantum
665 1657 720 1699 tres
738 1664 869 1713 personae
888 1652 961 1699 nulla
982 1652 1191 1715 tnurropattone

220 1720 395 1782 praecedente
410 1728 521 1784 possunt
534 1721 649 1771 dictione
668 1722 737 1771 dotis
755 1722 867 1785 tepitime
887 1721 1008 1786 obiipari.
1037 1720 1117 1770 Aliae
1131 1736 1190 1771 aero

219 1806 350 1854 personae
368 1793 393 1841 si
407 1808 459 1855 pro
479 1794 586 1841 muliere
605 1792 689 1842 dotem
706 1793 764 1841 aira
779 1793 964 1855 promiserint,
987 1794 1117 1841 communi
1135 1794 1190 1841 inre

224 1860 338 1927 oblipari
352 1862 451 1921 debent,
466 1863 495 1911 id
508 1870 554 1920 est,
569 1869 597 1911 ut
611 1869 635 1911 et
651 1860 851 1928 interropata(e)
866 1864 1053 1926 respondeant,
1071 1871 1096 1911 et
1109 1865 1189 1926 stipa·

224 1933 280 1981 iata
289 1936 451 1996 promittant.
476 1936 499 1995 §-
510 1945 531 1983 4.
546 1932 610 1982 Item
624 1940 649 1983 et
663 1935 716 1983 alio
727 1948 799 1991 casu,
813 1949 865 1983 nno
879 1935 997 1999 loquente
1009 1936 1100 1984 etsine
1111 1935 1189 1983 inter·

223 2005 360 2074 rapotione
375 2007 423 2054 atii
433 2007 598 2068 promittente
613 2005 778 2056 contrabitur
792 2005 925 2070 obtipatio,
940 2006 970 2055 id
982 2014 1029 2066 est,
1043 2007 1069 2055 si
1083 2005 1190 2055 tiberias
1206 2019 1210 2028 ·

220 2081 335 2138 patrono
350 2083 396 2125 aut
410 2077 503 2126 donum
513 2084 659 2126 autmarus
673 2084 719 2126 aut
732 2091 827 2140 operas
839 2092 867 2126 se
876 2078 999 2126 daturum
1009 2092 1065 2126 esse
1080 2079 1190 2126 iuravit:

224 2147 251 2195 in
266 2162 317 2211 qua
331 2163 360 2197 re
374 2149 523 2212 supradicti
541 2147 628 2198 liberti
642 2163 694 2198 non
713 2154 765 2197 tam
780 2147 916 2198 uerborum
930 2149 1098 2207 solennitate,
1117 2164 1190 2212 quarn

224 2219 402 2268 iurisiurandi
420 2221 547 2284 relipione
565 2221 720 2268 retinentur.
753 2218 806 2268 Sea
819 2221 892 2268 nullo
911 2222 996 2268 altera
1010 2234 1131 2282 persana
1144 2219 1190 2268 ltoc

164 2351 165 2356 ¹
224 2289 317 2338 ordine
331 2289 445 2354 oblipari
455 2287 559 2354 potest.’
594 2289 728 2339 Firmotnr
741 2289 790 2340 boo
803 2292 915 2355 simpuiis
929 2290 1022 2348 uerbis,
1038 2306 1105 2354 qnae
1119 2288 1189 2339 Staio

224 2361 251 2407 iu
266 2359 316 2408 bac
326 2375 354 2422 p.
370 2362 455 2424 tepere
469 2361 558 2416 licuit,·
573 2377 632 2410 nam
647 2363 698 2410 iam
712 2377 735 2410 o.
751 2373 771 2411 a.
785 2361 843 2424 fere
856 2368 967 2410 exennia
981 2359 1108 2424 (perinde
1122 2369 1151 2409 at
1164 2363 1189 2408 in

223 2431 284 2491 epit.
296 2440 316 2491 2,
326 2441 371 2492 9,u
386 2428 473 2495 initio)
487 2433 612 2494 apparuit
627 2469 633 2480 .
650 2469 656 2480 .
672 2469 678 2480 .
694 2431 765 2497 s(unt
779 2447 842 2482 uero
856 2433 933 2481 etiam
946 2430 1021 2498 a)lioo
1033 2432 1189 2493 obligationes

225 2538 231 2550 .
248 2535 253 2546 .
269 2534 275 2546 .
291 2500 385 2549 deinde
395 2516 418 2549 a.
429 2512 441 2550 r
451 2501 553 2550 uidetur
563 2504 689 2564 scriptum
700 2503 785 2564 fuisse
800 2539 807 2552 .
822 2540 828 2551 .
844 2501 921 2568 (aiio)
935 2502 999 2552 nullo
1013 2504 1050 2552 sic
1064 2502 1189 2565 obligando

226 2606 232 2618 .
248 2605 254 2617 .
271 2605 276 2618 .
292 2576 317 2618 et
331 2571 366 2619 od
379 2585 435 2629 res,
455 2587 520 2635 quae
537 2573 593 2622 doti
606 2573 662 2622 dici
672 2581 809 2636 poterant,
824 2575 984 2637 pertinuisse
999 2590 1021 2622 a.
1037 2585 1072 2624 10.
1084 2611 1090 2623 .
1102 2611 1108 2622 .
1121 2589 1190 2623 .oor-

224 2640 292 2704 poral
312 2679 318 2691 .
338 2677 345 2690 .
365 2678 371 2690 .
410 2633 544 2692 Pe'rsonas
561 2659 622 2694 uera
642 2644 711 2695 dotis
733 2645 848 2695 dictione
865 2645 1020 2710 oblipandas
1038 2644 1190 2708 spectabant

224 2727 290 2776 quae
304 2720 447 2778 sequuntur
462 2730 484 2762 a.
499 2726 600 2766 14-19:
618 2731 684 2780 quae
697 2715 833 2778 Epitomae
847 2731 895 2779 ope
908 2717 945 2765 ad
956 2731 1059 2765 sensnm
1072 2719 1189 2780 suppleta

224 2785 247 2845 ἕ.
261 2786 310 2836 96⁸.
326 2786 353 2834 in
369 2792 516 2835 contentum
530 2787 649 2850 recipere
664 2801 744 2836 ausas
757 2801 820 2836 sum.
881 2783 902 2850 ¹)
916 2787 1013 2836 Iubae
1028 2789 1051 2848 5.
1062 2789 1144 2850 prius
1157 2787 1190 2834 ad

229 2854 256 2903 V
257 2851 278 2886 Β*
296 2857 429 2906 lectionem
444 2859 508 2906 mire
527 2858 656 2907 diversam
670 2859 792 2907 restituta
807 2873 875 2906 nanc
894 2873 960 2922 quae
974 2859 1139 2908 coniecerant
1152 2872 1191 2906 se·

224 2926 335 2975 cundum
349 2926 439 2991 Suppl.
454 2926 492 2977 St.
503 2944 531 2991 p.
547 2927 669 2977 XXXII
675 2931 752 2978 multo
761 2931 850 2992 aptius
859 2930 1010 2993 reformari.
1067 2924 1089 2994 ²)
1104 2928 1190 2978 Etiam

223 2996 297 3054 boec,
311 3013 376 3060 qaae
391 3004 452 3060 post
464 3001 577 3062 spatium
590 3015 701 3049 uacuum
715 3001 742 3048 in
762 3000 789 3048 V
790 2995 811 3031 ³¹
824 3007 976 3064 sequuntur,
991 3007 1042 3049 tam
1052 3015 1151 3064 param
1164 3001 1190 3048 in

224 3065 345 3128 Epitoma
363 3075 460 3118 mutata
479 3084 534 3119 csse
552 3078 675 3134 apparet,
695 3077 723 3119 ut
741 3073 837 3120 coliata
855 3086 888 3120 ea
906 3086 963 3120 cum
986 3070 1013 3119 V
1014 3067 1034 3102 ⁸²
1052 3078 1078 3120 et
1099 3069 1189 3135 Suppl.

223 3135 261 3184 St.
277 3143 356 3186 totam
370 3140 393 3200 ᾖ.
410 3139 563 3202 adsensum
581 3143 689 3204 reficere
709 3143 822 3191 licuerit.
852 3141 920 3191 Puta
939 3149 1022 3191 tamen
1037 3157 1091 3205 pro
1105 3145 1190 3205 spatio

224 3215 249 3257 et
262 3223 297 3258 eae
311 3216 391 3259 mente
409 3209 469 3259 Gaii
488 3218 547 3260 ante
568 3208 678 3261 ‘iurauit’
699 3212 846 3262 addendum
864 3227 919 3262 esse
935 3210 1071 3275 ‘conceptis
1086 3209 1190 3262 nerbis’.

226 3275 248 3346 ³)
267 3277 356 3329 Stdus
375 3281 491 3341 adnotat,
510 3283 538 3331 in
558 3282 584 3330 V
585 3279 607 3314 Β*
619 3291 681 3346 post
698 3284 830 3346 poterimus
849 3285 966 3333 incertas
985 3285 1060 3347 sequi
1077 3283 1191 3341 umbras,

224 3366 290 3415 quae
304 3353 373 3400 reiut
387 3352 423 3401 ad
437 3353 460 3401 iu
475 3353 528 3402 aliis
543 3353 622 3402 ualere
639 3355 772 3404 lectionem
791 3355 920 3418 quadrent
933 3354 981 3404 sed
991 3355 1108 3418 fortasse
1122 3362 1191 3404 totae

221 3422 312 3492 fallar
325 3425 424 3486 species
438 3425 497 3474 sint.
530 3425 631 3474 Deinde
645 3426 763 3490 sequitur
778 3427 952 3498 linea‘uacua.

296 3542 321 3612 §-
337 3549 379 3597 at.
401 3547 439 3608 Cf.
455 3547 487 3596 L.
503 3560 522 3597 1.
539 3549 561 3608 ξ.
577 3560 598 3598 s.
617 3549 650 3596 D.
661 3549 694 3597 de
707 3548 755 3598 obl.
771 3557 795 3598 et
809 3556 859 3598 aot.
871 3552 916 3615 (44,
927 3548 958 3614 t).
978 3548 1050 3612 Epit.
1061 3561 1082 3611 s,
1097 3562 1118 3601 a.
1133 3551 1160 3611 §-
1171 3562 1192 3602 5.

225 3615 265 3676 ξς.
281 3628 300 3665 1.
316 3628 336 3666 s.
356 3615 379 3667 Ι.
394 3618 426 3666 de
441 3619 504 3666 inat.
519 3620 578 3680 stip.
595 3616 626 3683 (s,
642 3617 686 3682 to).
