2550 4000
555 256 646 296 esrvs.
1024 236 1087 302 165

113 383 236 440 Boethio
254 387 285 440 in
304 387 359 448 Cic.
374 389 445 459 Top.
459 409 489 460 p.
503 396 553 446 303
566 391 699 457 constat),
717 390 814 442 tamen
832 404 902 456 quas
914 388 1086 444 Veronensis

61 452 205 513 [ealcodex
223 459 361 524 praestat,
379 457 486 536 partim
503 457 697 528 ineptissimae
712 458 786 513 sunt.
809 455 902 521 Quid?
943 458 999 512 uod
1012 457 1085 513 adeo

114 521 175 575 eius
187 523 240 575 scri
263 525 440 596 tor*)st1pes
457 527 520 592 fuit,
540 528 645 580 utnon
663 525 748 579 modo
761 524 886 578 Graecae
904 524 926 578 li
969 528 1084 581 saturae

112 589 225 642 nescius
257 593 493 650 raecaomniavel
497 595 672 674 praeteriret
681 593 728 648 vel
736 591 954 670 litterisLatinis
964 594 1086 648 reddens

113 661 317 728 corrumperet,
332 662 383 716 sed
397 663 483 717 etiam
495 680 524 716 in
535 662 643 716 Latinis
655 678 743 730 quum
755 661 792 715 ad
805 660 947 714 rubricam
959 662 1086 716 venisset

112 724 161 802 rel
171 729 281 803 venisse
293 729 348 782 eibi
358 729 502 786 videretur
512 732 552 800 (et
567 730 651 785 facile
663 729 718 783 sibi
730 745 766 782 ex
774 727 899 807 pigritia
912 729 1084 798 videbatur),

111 791 219 853 rudicri,
238 795 289 848 ubi
302 795 415 851 rubrica
426 799 570 853 desineret
582 800 612 852 et
622 814 697 852 nova
709 797 800 850 oratio
811 798 959 864 inciperet,
972 813 1086 867 expers,

110 860 189 914 haud
202 879 267 916 raro
280 880 345 917 cum
354 866 466 920 rubrica
476 867 510 935 (si
519 866 604 921 modo
614 866 729 919 rubrica
738 865 812 931 erat)
821 864 909 918 etiam
918 867 1041 934 partem,
1052 868 1085 920 ut

111 928 267 996 plurimum
281 931 422 1002 integrum
431 951 553 1000 versum,
568 934 634 987 novi
644 932 758 988 articuli
767 933 914 986 omitteret
934 933 998 988 vide
1009 943 1032 998 l,
1043 939 1084 992 56.

112 1000 154 1053 aa.
166 1003 207 1053 aa.
218 1003 257 1056 rs.
268 1005 308 1052 er.
322 1005 378 1055 108.
397 1009 421 1068 a,
436 1009 509 1057 aaa
530 1007 800 1068 3,85.88.1aa.1or.
820 1007 844 1063 4,
860 1006 904 1067 a).
955 1017 988 1056 ec
1000 1002 1084 1056 facile

111 1063 167 1118 nisi
179 1065 300 1120 barbara
309 1070 404 1124 aetate
417 1086 473 1124 non
488 1069 678 1124 animadverti
710 1069 805 1122 oterat
815 1068 924 1130 folium,
942 1071 1018 1136 quod
1032 1070 1083 1124 ali-

112 1132 225 1200 quando
238 1134 392 1204 exciderat,
411 1137 505 1193 alieno
523 1140 585 1192 loco
599 1154 617 1190 a
632 1137 682 1192 bib
695 1152 760 1216 1ope
781 1155 798 1190 a
814 1136 987 1200 restitutum,
1006 1137 1084 1215 quod

112 1199 216 1254 accidit
228 1203 377 1271 (quicquid
394 1207 571 1262 contradicat
582 1154 791 1283 Boeekingrus5¹
810 1220 846 1257 ex
858 1203 1038 1260 Heimbachri
1055 1206 1085 1259 et

111 1283 177 1322 maa
189 1270 332 1324 sententia
343 1278 367 1337 a,
380 1279 500 1341 tit-ta,
513 1276 546 1330 ut
558 1273 649 1327 simile
662 1274 764 1326 r1t1um
776 1274 887 1325 taceam
899 1272 938 1325 ad
949 1279 975 1338 3,
986 1277 1043 1332 138.
1066 1289 1086 1328 a

112 1351 158 1390 me
170 1336 336 1393 indicatum.
360 1340 442 1408 Quid,
460 1343 536 1411 quod
549 1343 578 1396 et
596 1343 671 1396 totas
683 1340 839 1394 sonantius
856 1338 1001 1394 interdum
1014 1341 1084 1396 omi-

113 1403 161 1470 sit,
178 1405 258 1458 velut
277 1413 299 1470 l,
312 1413 328 1460 6
347 1410 455 1464 etanta
469 1416 511 1465 18.
531 1417 555 1473 a,
569 1415 627 1464 269.
657 1407 722 1463 Noli
735 1423 803 1462 vero
816 1407 937 1476 opinari,
956 1409 1084 1463 omnium

112 1470 213 1524 horum
223 1473 357 1530 vitiorum
365 1476 459 1546 ipsum
468 1475 749 1532 codicisVeronensis
758 1476 927 1544 scriptorem
936 1479 1084 1532 auctorem

111 1539 207 1593 fuisse.
230 1540 264 1593 ln
276 1542 348 1597 libro
360 1545 447 1599 toties
455 1547 577 1600 maxime
599 1562 635 1600 ue
645 1545 789 1611 iuvenum,
803 1542 852 1613 qui
863 1543 947 1599 facile
958 1545 1084 1614 decipie-

110 1606 224 1673 bantur,
237 1609 268 1662 in
281 1627 363 1665 usum
376 1612 517 1692 descripto
530 1614 587 1668 hau
619 1629 712 1682 pauca
722 1612 782 1667 sine
795 1611 881 1666 dubio
894 1613 1084 1681 antiquiorem

110 1674 274 1730 hahuerunt
284 1679 422 1748 originem
430 1683 454 1734 :¹
465 1682 495 1735 sd
505 1682 582 1750 quod
588 1682 793 1751 circumspecto
803 1679 901 1734 critim
911 1679 940 1734 in
949 1681 993 1734 his
1001 1697 1083 1750 prae·

111 1743 211 1797 sertim
222 1745 380 1801 notandum
393 1751 445 1813 est,
458 1766 532 1818 quae
545 1749 699 1818 aliquando
708 1748 875 1804 exciderunt
886 1750 917 1801 et
928 1748 966 1802 ad
977 1748 1082 1818 mugi-

110 1826 178 1865 nem
190 1811 327 1868 librorum
340 1816 412 1870 alius
429 1819 503 1872 sorte
515 1818 624 1872 formae
636 1817 856 1885 longioremque
870 1831 1004 1870 versuum
1017 1833 1083 1885 sup·

110 1878 192 1948 pleta
202 1881 304 1949 postea
314 1883 408 1939 alieno
420 1885 482 1940 loco
496 1886 629 1940 restituta
641 1887 707 1940 sunt
715 1884 763 1939 vel
774 1884 929 1952 perierunt.
938 1883 1085 1940 -Habuit

111 1946 201 2002 codex
219 1948 302 2004 initio
315 1957 364 2007 129
383 1953 452 2007 folia
463 1955 570 2009 formae
584 1953 740 2023 quadratae
752 1951 874 2016 mediae,
892 1970 915 2075 p
952 1953 998 2008 'na
1013 1968 1083 2022 qua·

112 2016 878 2162 attat‘uaqttttrt‘attittattuatii
895 2023 1085 2144 „latialia

112 2152 197 2205 mrtro
221 2154 250 2207 et
273 2154 327 2208 fine
352 2160 458 2225 operis,
483 2160 513 2213 et
535 2159 566 2211 ut
591 2174 679 2210 unum
703 2172 801 2211 eorum
843 2171 896 2210 uae
920 2157 1087 2211 continebat

111 2218 213 2273 saltem
232 2237 265 2275 ex
282 2224 364 2291 parte
383 2226 499 2279 aliunde
511 2224 609 2279 sarciri
626 2230 742 2293 possent
754 2222 812 2291 (lib.
823 2174 876 2276 itt.
890 2224 973 2291 init).
991 2224 1084 2301 ¹tluae

109 2290 930 2415 itti‘ttihiilaoisslffieliifflis{distillabit}
944 2294 1086 2415 tritt

109 2424 190 2500 runt,
216 2424 259 2479 ita
280 2428 315 2479 ut
336 2430 434 2495 paucis
458 2378 709 2497 exceptisysemei,
736 2426 849 2481 circiter
875 2429 994 2495 quartae
1017 2445 1084 2483 vero

109 2490 243 2544 fohorum
261 2494 338 2561 parti
355 2495 427 2551 adeo
444 2497 488 2550 his
500 2513 574 2551 nova
586 2498 727 2565 scriptura
742 2496 945 2563 imponeretur.
974 2495 1084 2551 Lectio·

109 2573 176 2611 nem
200 2561 349 2628 praeterea
376 2564 524 2632 frequente
549 2564 686 2632 siglarum
709 2565 768 2618 sive
790 2565 923 2617 notarum
949 2582 1003 2619 usu
1030 2566 1084 2619 im·

109 2625 246 2693 pediente
257 2644 399 2685 erearum
410 2648 523 2701 genere,
533 2647 607 2698 quae
619 2632 881 2687 antelustiniauum
891 2631 921 2684 in
930 2649 983 2685 usu
992 2632 1083 2699 luere,

112 2730 328 2745 mut-*—

108 2786 210 2847 singulis
224 2789 332 2838 materiis
347 2790 457 2854 inscripti
471 2798 565 2853 essent,
585 2791 649 2839 idern
664 2790 775 2852 contigit,
795 2790 939 2853 tandemque
953 2791 1041 2840 Alarici
1057 2798 1083 2839 ct

108 2857 235 2907 Iustiniani
250 2866 336 2922 aetate,
356 2862 396 2925 qni
412 2863 484 2911 etiam
498 2864 572 2911 totius
587 2862 646 2911 iuris
661 2862 739 2910 civilis
754 2861 873 2909 enucleati
888 2861 996 2911 codicem
1011 2862 1084 2924 llige&

109 2934 202 2976 storum
217 2929 248 2977 ad
263 2932 366 2981 edictum
381 2940 505 2996 spectante
520 2933 615 2982 nomine
629 2932 770 2996 appellavit,
789 2946 818 2980 eo
833 2938 973 2995 perventum
987 2940 1037 2995 est,
1056 2940 1084 2983 ut

108 2999 145 3047 vel
161 3000 321 3051 scholasticae
336 3003 500 3053 institutiones
519 3006 549 3053 ab
569 3006 621 3068 ipso
637 3011 734 3052 auctore
754 3018 798 3066 per
816 3009 893 3051 totum
907 3003 983 3052 titulis
998 3005 1085 3053 distri-

108 3070 253 3134 buerentur,
273 3088 348 3137 eaque
362 3074 487 3124 honestior
501 3076 629 3139 appellatio
644 3082 729 3138 postea
743 3073 811 3140 (licet
824 3074 930 3124 nondum
944 3076 968 3124 in
984 3076 1083 3125 Floren-

109 3141 160 3189 tino
175 3140 226 3204 hig.
242 3144 338 3209 codice)
352 3146 505 3195 librariorum
518 3146 628 3195 rubricas
644 3146 781 3209 expelleret.
831 3142 858 3211 *)
874 3146 1004 3212 Utrumque
1018 3163 1083 3196 nunc

108 3212 254 3275 scriptorem
269 3215 331 3267 dico.
352 3233 405 3266 uam
421 3218 480 3267 duos
495 3218 608 3267 librarios
622 3224 720 3280 praeter
729 3224 893 3266 correctorem
903 3219 927 3267 iu
937 3220 982 3268 hoc
998 3220 1083 3268 codice

108 3291 240 3346 occupatos
260 3286 347 3349 luisse,
368 3288 544 3339 Studemundus
565 3289 730 3352 deprehendit.
819 3284 840 3351 ¹)
856 3289 904 3339 Sed
924 3291 971 3339 iam
985 3289 1083 3337 veritati

108 3356 231 3405 concessit
255 3358 292 3407 ed.
317 3369 337 3409 5.
385 3358 475 3409 Rursus
499 3367 578 3409 tamen
602 3360 709 3423 priorem
733 3360 784 3409 eius
808 3361 947 3422 opinionem
975 3360 1084 3421 suscepit

109 3426 152 3474 Th.
164 3426 326 3477 Mommsenus
341 3431 411 3493 epist.
428 3432 481 3481 crit.
497 3432 629 3494 praemissa
645 3431 682 3479 ed.
695 3431 763 3479 Stud.
821 3426 843 3495 ¹)
863 3432 943 3480 Etiam
958 3446 985 3479 ea
1001 3445 1084 3479 exem-

108 3497 193 3560 plaria,
208 3499 295 3562 quihus
306 3500 430 3551 lastiniani
445 3503 485 3566 qui
500 3510 687 3566 composuerunt
700 3502 864 3551 institutiones
879 3502 917 3550 usi
931 3508 994 3563 sunt,
1009 3515 1083 3565 quae-

109 3567 164 3617 dam
178 3570 293 3619 habuisse
308 3573 393 3621 menda
409 3588 462 3622 cum
473 3574 558 3623 Veron.
570 3573 596 3623 C.
612 3573 755 3636 eommunia,
770 3572 849 3621 notavi
864 3573 894 3621 ad
908 3585 929 3636 a,
944 3585 978 3624 aa.
998 3585 1019 3635 a,
1034 3584 1082 3623 rae.

109 3650 156 3691 art.
175 3652 197 3703 s,
212 3652 246 3691 as.
267 3641 315 3694 vid.
336 3644 407 3693 ettam
426 3656 448 3708 a,
468 3656 501 3695 ra.
522 3657 556 3697 ra.
577 3657 624 3696 ns.
