2550 4000
377 249 435 286 otu
452 249 544 288 anama.
563 231 597 287 II.
618 237 766 287 227-282.
980 232 1046 300 273

92 387 154 449 est,
181 395 215 436 ue
241 386 284 436 cul
309 379 370 454 plus
394 380 547 455 legatorum
568 379 677 436 nomine
697 381 830 437 mortisue
849 397 930 438 causa
951 397 1047 455 capere

90 462 203 534 liceret,
227 480 306 537 quam
328 465 441 522 heredes
463 471 603 537 caperent:
624 481 657 520 ex
679 479 732 537 qua
754 464 814 537 lege
836 465 914 538 plane
938 465 1046 539 quidem

90 546 194 620 aliquid
216 549 309 622 utique
337 547 451 605 heredes
478 546 576 606 habere
602 546 777 618 uidebantur3
806 556 849 605 set
878 559 964 607 tamen
991 549 1047 607 iere

91 631 191 688 uitium
212 632 300 688 simile
322 631 498 690 nascebatur:
520 647 581 688 uam
602 633 631 689 in
652 630 753 688 multas
774 631 970 707 legatariorum
985 649 1046 708 per·

90 731 175 772 sonas
195 715 341 774 distributo
363 718 523 790 patrimonio
543 715 659 790 'poterat
679 709 842 790 (testator)¹
862 716 929 773 adeo
953 716 1048 775 lreredi

90 800 232 856 minimum
255 800 422 874 relinquere,
447 809 477 860 ut
497 816 554 856 uou
576 798 716 873 expediret
737 799 847 872 heredi,
875 801 956 858 huius
978 801 1047 858 lucri

90 875 190 958 grellia
212 885 296 940 totius
319 883 473 942 hereditatis
488 900 569 941 onera
590 885 735 944 sustinere.
769 879 836 942 227.
858 884 924 942 Lata
938 894 982 942 est
996 886 1120 949 tra-tta.

89 982 147 1039 que
167 965 210 1024 lex
225 966 353 1041 Falcidia,
374 985 427 1042 qua
447 977 556 1028 cautum
579 976 637 1038 est,
660 984 694 1023 ne
709 968 771 1042 plus
786 969 820 1024 'ei
835 963 945 1042 legare²
967 970 1046 1026 liceat

90 1067 173 1123 quam
189 1050 362 1110 dodrantem:
377 1055 467 1129 ltaque
482 1069 593 1111 necesse
608 1059 661 1123 est,
676 1059 707 1107 ut
718 1052 796 1109 heres
809 1060 931 1126 quartam
943 1062 1045 1128 partem
1083 1094 1085 1100 2

89 1133 249 1192 hereditatls
265 1135 374 1194 lrabeat:
397 1148 424 1195 et
444 1138 498 1195 hoc
516 1152 587 1193 nuno
602 1136 662 1191 iure
676 1137 787 1192 utimur.
830 1133 900 1194 228.
922 1136 951 1192 ln
967 1136 1046 1193 liber-

91 1218 195 1274 tatibus
211 1236 323 1294 quoque
342 1221 437 1278 dandis
453 1220 561 1280 nimiam
582 1218 718 1275 licentiam
738 1219 897 1292 conpescuit
914 1218 958 1277 lea
972 1218 1047 1277 Fufia

88 1300 212 1374 Caminia,
227 1306 298 1360 sicut
311 1305 339 1361 iu
354 1307 440 1378 primo
456 1301 649 1362 commentario
664 1303 829 1360 rettulimus.

156 1387 190 1438 lte
205 1389 320 1438 inutiliter
332 1389 423 1442 relictis
436 1392 526 1457 legatis.
563 1381 631 1444 229.
647 1387 718 1444 Attia
730 1387 836 1444 heredia
848 1388 1046 1446 institutionem

87 1471 228 1529 inutiliter
243 1472 359 1547 legatur,
382 1468 484 1524 scilicet
505 1472 566 1541 quia
583 1477 743 1528 testamenta
758 1474 812 1530 uim
827 1488 860 1528 er
874 1473 1046 1530 institutione

87 1554 197 1611 heredis
213 1557 364 1630 accipiunt,
386 1560 413 1609 et
434 1550 468 1608 ob
488 1551 515 1607 id
537 1554 613 1610 uelut
633 1561 762 1627 caputet
782 1554 988 1614 laudamentum
1007 1557 1046 1613 iu·

88 1639 230 1711 tellegitur
256 1641 341 1697 totius
367 1638 520 1696 testamenti
545 1637 655 1694 heredis
681 1640 829 1697 institutio.
886 1636 958 1701 230.
985 1640 1046 1698 Pari

87 1725 196 1780 ratione
221 1739 271 1781 nec
296 1722 406 1781 libertas
428 1727 491 1778 aute
512 1721 619 1778 heredis
642 1722 843 1782 iustitutionem
865 1723 924 1780 dari
944 1733 1046 1798 potest.

19 1802 157 1866 [1961231.
184 1805 277 1865 Nostri
301 1814 492 1882 praeceptores
518 1820 568 1864 uec
594 1812 712 1864 tutorem
739 1823 772 1864 eo
797 1808 860 1866 loco
885 1807 944 1864 dari
965 1823 1047 1882 posse

87 1891 258 1948 existimant:
283 1899 326 1948 set
346 1891 434 1948 Labeo
456 1897 484 1946 et
504 1888 635 1948 Proculus
658 1899 777 1948 tutorem
795 1907 879 1966 posse
899 1891 957 1948 dari
979 1889 1047 1965 (pn-

87 1970 179 2053 tant),
207 1973 282 2051 quod
309 1975 380 2033 ntttl
402 1989 435 2033 er
464 1971 615 2033 hereditate
643 1981 774 2049 erogatur
799 1976 898 2034 tutoris
926 1974 1044 2034 datione.

85 2061 159 2123 282.
182 2065 247 2121 Post
269 2073 383 2122 mortem
405 2080 515 2138 quoque
538 2061 646 2120 heredis
667 2061 800 2118 inutiliter
820 2060 937 2135 legatur,
959 2062 986 2120 ld
1003 2071 1048 2121 eat

86 2150 142 2206 hoc
157 2148 251 2206 modo:
275 2164 338 2207 cru
351 2164 452 2205 uanus
467 2162 549 2205 nava
564 2161 710 2205 uoeuvra
725 2161 809 2214 narr,
828 2160 871 2203 uo
886 2160 981 2219 caco,
1001 2156 1049 2203 aut

86 2249 185 2293 otro.
215 2235 251 2289 ita
265 2241 356 2289 autem
371 2240 445 2288 recte
459 2231 581 2305 legatur:
602 2246 665 2289 cvra
679 2245 781 2289 murae
796 2221 1048 2310 (ncrs)³uore1c-

87 2334 166 2387 113,
188 2318 320 2389 quianon
341 2323 405 2389 post
420 2322 535 2371 mortem
556 2313 663 2371 heredis
678 2314 859 2388 relinquitur,
880 2315 928 2373 sed
952 2315 1048 2371 ultlnm

86 2404 161 2457 uitae
180 2403 239 2457 eius
258 2408 390 2474 tempore.
428 2415 535 2457 rursum
556 2400 593 2455 lta
614 2415 669 2454 nou
691 2408 788 2473 potest
809 2399 910 2474 legari:
938 2416 1048 2457 aarum

87 2500 176 2550 ovem
199 2498 299 2542 nurus
323 2500 405 2543 uuvs
431 2499 606 2551 moraturum
629 2482 703 2557 quod
726 2500 781 2541 uon
803 2486 923 2557 pretiosa
943 2485 1049 2540 ratione

162 2649 183 2717 ¹)
197 2652 242 2701 Ea:
255 2652 303 2718 Bp.
318 2649 434 2717 (Gdcclt.)
453 2654 485 2715 ej.
505 2651 599 2701 addidi
616 2649 674 2716 (aed
691 2659 752 2701 nota
769 2658 779 2699 t
797 2652 908 2714 facilius
925 2652 951 2700 lt.
966 2654 982 2700 l.
1001 2666 1048 2700 em-

89 2724 179 2773 cidere
189 2730 295 2787 poterat
308 2739 396 2788 quam,
415 2737 464 2788 quo
481 2721 573 2772 Gdsclt.
588 2736 644 2770 eom
657 2720 798 2785 supplebat,
815 2728 875 2770 ante
888 2737 911 2770 a.
927 2719 976 2785 ut);
994 2727 1050 2783 pot-

90 2802 161 2844 erant
174 2794 214 2843 ed.
229 2793 277 2858 Bp.
292 2801 386 2859 poterat
400 2808 422 2843 a.
437 2794 461 2845 lt.
476 2806 507 2843 m.
523 2791 625 2855 relinqui
638 2794 677 2840 rei
690 2807 744 2841 mea
759 2793 792 2853 φ’.
808 2786 918 2839 ‘Gaiae’
935 2806 964 2853 p.
979 2800 1012 2841 56.

91 2860 112 2929 ¹)
126 2866 151 2914 ei
167 2865 193 2915 0.
207 2865 285 2915 eled.
300 2880 355 2914 mec
369 2877 403 2925 1.,
422 2862 466 2913 ubl
479 2870 643 2917 notaveram
662 2862 732 2926 quod
743 2876 812 2910 nunc
826 2859 894 2926 (cum
908 2854 1048 2910 ‘metator'

87 2934 242 3000 praecedat)
254 2935 326 2997 ferri
335 2938 430 2997 polest.
462 2932 571 2999 ideoque
585 2936 633 2987 doc
648 2936 699 2984 tam
712 2932 757 2983 udi
769 2947 805 2984 ea·
822 2932 850 2981 V
850 2928 871 2965 'i
884 2934 999 2984 constitit
1015 2932 1049 2992 ei,

92 3022 143 3056 non
158 3022 185 3056 cr
197 3007 323 3070 scriptam
333 3004 427 3067 solare,
440 3007 568 3056 revocavi.
625 3001 648 3071 8)
662 3002 795 3068 Supplevit
808 3003 857 3069 Bp.
871 3004 911 3054 ed.
925 3013 947 3057 o.

92 3111 305 3123 —n-—u—

92 3178 115 3211 α.
131 3175 218 3217 16585.
240 3163 278 3227 Cf.
293 3165 317 3226 §-
327 3175 374 3216 att.
425 3160 450 3233 ξ.
465 3167 526 3216 227.
545 3165 582 3214 lex
597 3160 717 3231 Falcidia]
731 3179 756 3214 c.
767 3179 792 3213 a.
803 3174 850 3215 att.
871 3163 910 3228 6Υ.
921 3162 984 3215 Iuat.
995 3165 1012 3213 l.
1023 3180 1046 3214 c.

97 3233 151 3297 Uip.
171 3246 206 3293 st,
224 3245 258 3286 aa.
282 3234 353 3299 Epir.
373 3246 394 3297 1,
413 3247 433 3286 6.
458 3235 534 3285 Paul.
549 3247 570 3294 a,
585 3247 605 3286 e.
625 3237 649 3297 ξ.
665 3248 685 3285 1.
704 3234 736 3284 L.
752 3248 818 3299 apr.
839 3234 869 3283 Ι).
888 3235 925 3285 od
941 3238 958 3284 l.
975 3234 1045 3283 Falc.

92 3301 182 3371 (66.6).
232 3301 334 3373 §.aaa
355 3304 530 3371 officum.
585 3301 611 3374 ξ.
626 3308 687 3358 229.
708 3305 747 3369 Cf.
766 3304 822 3370 Uip.
836 3316 871 3364 m,
886 3317 919 3359 15.
934 3307 957 3367 5.
969 3303 1045 3355 eal.

93 3374 214 3441 delepat.
230 3373 320 3440 (1.10).
373 3371 894 3443 ξ13ο.εξ.16.1.οι·1.σ[.θιρ.ι,1ο.
948 3370 973 3442 ξ
984 3377 1044 3425 231.

95 3444 132 3507 Cf.
147 3448 170 3508 5.
185 3458 205 3499 a.
226 3446 249 3497 1.
264 3448 308 3512 qui
322 3446 385 3497 dori
398 3453 443 3495 tut.
458 3445 489 3512 (1,
504 3446 548 3513 14).
613 3443 639 3515 ἓ.
654 3449 714 3499 232.
736 3447 774 3510 Cf.
794 3447 849 3511 Uip.
864 3456 898 3504 tt,
914 3456 947 3497 16.
968 3445 1044 3495 Paul.

92 3525 146 3572 leo.
166 3519 240 3580 §§.a.
256 3529 276 3568 6.
300 3528 356 3577 1,1.
371 3518 394 3579 ξ.
410 3529 443 3567 11.
467 3520 491 3580 §-
506 3528 539 3571 15.
560 3516 721 3585 Ldelepct.
740 3517 777 3584 (l,
795 3516 840 3584 ao).
860 3517 933 3581 infra
951 3527 978 3577 a,
997 3528 1044 3570 too.

93 3584 124 3635 L.
139 3599 172 3638 tt.
188 3588 214 3638 C.
229 3589 261 3637 de
275 3588 392 3638 contrait.
407 3590 466 3653 stip.
482 3587 514 3654 (a,
529 3587 573 3655 aa),

152 3690 249 3724 tramea.
263 3692 342 3723 anm.
356 3693 407 3725 m
426 3694 462 3725 aa.
477 3694 499 3724 v.
832 3681 862 3730 18
