2550 4000
210 162 274 228 234
510 177 569 214 cen
586 177 687 214 rsarrr.
706 157 741 217 IL
759 161 869 213 tto-dt.

210 319 322 377 alienam
339 319 477 395 usucapit:
500 335 560 375 nam
576 319 622 392 qui
637 333 696 374 rem
711 317 791 374 alicui
812 315 927 373 fiduciae
947 331 1028 372 causa
1041 317 1187 389 mancipio

210 403 316 460 dederit
331 404 377 460 uel
391 406 418 460 in
433 405 492 461 iure
507 405 631 475 cesserit,
647 405 671 460 sl
686 402 799 459 eaodem
813 403 873 476 ipse
893 399 1063 475 possederit,
1088 407 1187 473 potest

211 503 361 562 usucapere
375 505 447 546 auno
462 487 578 557 scilicet,
594 481 705 564 (etium)
720 486 773 545 soli
788 487 812 542 si
825 487 872 546 sit.
906 501 977 559 quae
989 485 1103 559 species
1118 501 1186 540 usu·

212 575 332 647 capionis
353 573 453 630 dicitur
468 573 653 647 usuroceptio‚
676 573 739 646 quia
759 571 797 640 id,
821 571 895 644 quod
916 567 1063 643 aliquando
1088 569 1182 624 habui·
1195 577 1231 627 pa

211 673 282 730 mus,
305 659 450 732 recipimus
473 673 523 732 per
538 658 744 731 usucapionem.
781 651 832 713 60.
846 653 901 712 Sed
915 671 977 712 cum
991 652 1094 709 fiducia
1108 653 1184 710 'cou-

213 735 358 799 trahatur¹
382 750 429 798 aut
450 758 511 798 cum
534 741 670 798 creditore
691 741 815 814 pignoris
836 741 908 812 iure,
930 747 977 796 aut
995 755 1059 796 cum
1083 739 1183 807 amico,

212 819 282 898 quo²
298 827 382 882 tutius
399 833 512 883 nostrae
534 842 578 882 res
598 827 673 900 apud
686 841 748 882 eum
762 829 829 897 sint,
851 825 876 880 si
890 824 1000 898 quidem
1016 839 1080 879 cum
1096 824 1182 879 amico

212 918 351 967 contracta
370 911 407 966 sit
421 909 531 982 fiducia,
551 927 616 966 sane
631 908 788 967 omnimodo
803 911 927 982 conpetlt
941 907 1147 981 ’ususreceptio
1156 900 1183 974 ;3

212 996 235 1050 si
251 1010 317 1050 uero
333 1011 394 1052 curn
410 994 556 1065 creditore,
575 994 667 1051 soluta
681 994 790 1067 quidem
809 995 924 1067 pecunie
942 991 1104 1049 omnimodo
1119 1009 1181 1050 con·

213 1081 292 1153 petit,
307 1079 428 1137 nondum
443 1095 510 1136 uero
525 1077 615 1136 soluta
630 1081 669 1136 ita
684 1077 793 1136 demum
808 1079 950 1152 competit,
969 1079 993 1133 si
1008 1093 1104 1150 usque
1119 1093 1181 1133 corr·

213 1163 320 1221 duxerit
335 1180 394 1221 eam
408 1180 464 1220 rem
481 1182 495 1221 a
511 1164 645 1222 creditore
656 1164 773 1233 debitor,
788 1179 878 1236 neque
888 1163 1011 1236 precario
1027 1163 1181 1235 rogauerit,

215 1258 245 1306 ut
259 1265 318 1306 eam
333 1265 389 1306 rem
405 1249 545 1324 possidere
560 1249 670 1312 liceret;
693 1264 748 1322 quo
767 1263 832 1305 casu
854 1247 987 1304 lucretius
1008 1241 1181 1321 ’ususcapio⁴

215 1334 348 1406 conpetit.
386 1330 433 1390 61.
449 1333 514 1390 ltem
536 1335 560 1389 sl
575 1349 632 1389 rem
648 1331 794 1407 obligatam
807 1331 860 1388 sibi
880 1331 1000 1406 populus
1014 1330 1179 1394 condiderit,

214 1431 328 1490 eamque
343 1415 468 1473 domiuus
484 1417 646 1491 possiderit,
668 1434 799 1475 concessa
820 1425 865 1473 est
881 1407 1120 1490 'ususreceptio:³
1134 1414 1180 1470 sed

215 1501 266 1558 hoo
285 1515 350 1556 casu
372 1500 511 1574 praedium
532 1503 641 1558 biennio
669 1502 867 1576 usurecipitur:
893 1511 923 1558 et
941 1500 995 1558 hoc
1020 1509 1079 1571 est,
1108 1498 1180 1574 quod

215 1583 299 1658 uolgo
325 1583 439 1656 dicitur,
466 1603 498 1642 ex
513 1586 685 1660 praediatura
709 1586 912 1662 possessionem
938 1587 1094 1658 usurecipi:
1123 1601 1180 1639 nam

215 1670 261 1743 qul
276 1678 411 1726 mercatur
426 1687 441 1726 a
457 1670 575 1745 populo.
590 1671 746 1745 praediator
760 1671 922 1746 appellatur.

284 1745 349 1816 ⁵[iii.
367 1753 486 1804 tin—ct.
506 1747 580 1803 infre
597 1765 649 1804 suo
666 1748 729 1804 loco
747 1763 853 1816 quaere
871 1750 935 1818 poet
951 1752 977 1812 9.
995 1748 1048 1814 ta]

290 1904 310 1975 ¹)
332 1909 480 1958 contrahitur
500 1907 526 1958 0.
545 1909 584 1958 ed.
603 1907 653 1974 Bp.
671 1916 697 1960 et
718 1909 767 1958 Kr.
787 1920 809 1968 a,
827 1924 893 1973 puae
912 1909 988 1958 initia
1006 1909 1101 1958 amittit
1119 1921 1178 1966 eum,

211 1986 305 2045 postea
320 1985 380 2029 ante
395 1979 416 2029 si
430 1979 526 2045 quidem
541 1980 653 2031 intrudit
667 1987 792 2031 utcontra
804 1980 830 2031 0.
841 1987 866 2031 et
880 1978 941 2031 Gaii
949 1981 1051 2045 atpium.
1089 1973 1113 2044 ¹)
1128 1977 1178 2027 Ian

215 2054 242 2102 in
258 2053 317 2115 ipsa
331 2052 450 2102 aratione
461 2054 540 2115 pacni
549 2068 595 2117 quo
605 2068 658 2117 pro
673 2052 736 2118 quod
749 2052 774 2101 0.
794 2059 819 2101 ct
829 2059 921 2115 postea
933 2052 981 2100 sint
991 2066 1043 2114 pra
1054 2057 1136 2099 esseut
1150 2049 1179 2104 c,-

215 2140 274 2173 nam
288 2124 388 2188 alioqui
400 2138 491 2173 sensns
500 2131 580 2173 esset:
594 2124 664 2188 qnod
673 2122 836 2187 putabamus,
851 2124 932 2172 tntiea
941 2129 1046 2172 nocuae
1055 2136 1099 2171 res
1113 2120 1180 2185 apud

216 2211 272 2245 eurn
284 2195 359 2259 fore:
373 2196 592 2258 nonsatisaptus.
645 2190 724 2257 ⁸)Sic
740 2193 766 2245 C.
782 2195 936 2257 usureceptio
946 2193 1004 2243 edd.
1015 2206 1035 2243 1.
1045 2204 1066 2242 a.
1105 2189 1129 2255 4)
1138 2191 1178 2241 Sic

217 2266 242 2316 0.
258 2266 373 2329 usucapio
392 2265 451 2314 edd.
471 2278 491 2315 1.
510 2276 530 2314 a.
588 2262 609 2331 Β)
631 2264 710 2315 Recte
728 2264 912 2314 Heimdaclcius
929 2266 1034 2323 statuit,
1052 2264 1103 2313 duc
1120 2279 1178 2327 per-

215 2338 299 2385 tinere
309 2338 348 2397 §i-
359 2346 455 2387 aa-ta.
484 2333 591 2385 Scilicet
600 2352 652 2399 per
666 2337 893 2400 transpositionem
904 2336 1020 2399 sortasse
1033 2338 1111 2384 nnius
1122 2335 1179 2399 folii

215 2406 362 2468 §ita-ot.
392 2405 547 2455 continentis
566 2407 593 2455 in
612 2408 761 2471 antiquiore
780 2408 883 2465 codice,
903 2422 938 2456 em
956 2422 1005 2471 qno
1025 2405 1179 2456 Veronensis

213 2476 293 2541 fluxit
308 2474 383 2540 (folii
397 2481 464 2538 pata
483 2491 534 2526 non
554 2478 637 2527 iustae
653 2478 769 2542 formae,
782 2479 830 2528 sed
841 2480 963 2538 minutae,
985 2478 1079 2542 quippe
1094 2478 1121 2527 in
1135 2492 1178 2542 quo

216 2553 313 2596 tantum
327 2560 392 2610 puae
407 2546 570 2606 caeciderunt,
585 2556 663 2598 erant
676 2547 812 2616 suppleta),
824 2549 992 2612 factumest,
1007 2556 1035 2598 nt
1047 2565 1115 2606 enm,
1135 2562 1178 2613 qno

216 2620 243 2667 in
272 2616 367 2667 Veron.
392 2619 526 2683 leguntur,
550 2621 633 2670 lacurn
656 2620 801 2671 obtinerent
822 2636 886 2670 sane
910 2622 1035 2685 ineptum,
1059 2618 1180 2684 quidquid

217 2689 388 2741 Mommsenns
407 2691 602 2740 commendandi
619 2694 660 2741 uel
678 2692 824 2742 excusandi
837 2694 894 2741 eins
905 2692 996 2757 pratia
1010 2693 1038 2739 in
1052 2692 1092 2741 ed.
1107 2690 1153 2740 Kr.
1167 2701 1177 2739 a

217 2760 404 2811 contradicat.
431 2760 469 2825 Os.
484 2762 523 2811 tit.
539 2762 561 2811 I.
577 2774 597 2825 a,
612 2774 632 2815 s.
658 2765 716 2826 qui,
736 2770 763 2813 nt
777 2778 820 2813 res
831 2764 950 2828 flaqitat,
970 2778 1057 2811 rerum
1071 2762 1177 2827 acquisi-

218 2830 331 2883 tionibus
344 2832 421 2881 etiam
436 2832 600 2883 naturalibus
615 2833 749 2890 absolutis.
763 2834 795 2883 de
808 2834 863 2893 dis,
883 2832 976 2899 quibus
994 2835 1111 2883 alienare
1124 2834 1177 2882 licet

217 2905 257 2952 oei
271 2918 331 2962 non,
346 2904 419 2952 nulla
433 2905 520 2953 aliena
535 2920 565 2953 re
579 2906 717 2954 interiecta
732 2906 794 2970 apii.
822 2904 858 2953 Et
879 2911 907 2955 ut
925 2908 1000 2970 ianpe
1014 2906 1102 2967 aptius
1119 2918 1176 2968 quae

217 2974 256 3036 ἐξ.
272 2985 298 3024 80
312 2988 363 3037 seq.
384 2975 502 3037 lecimus,
522 2976 580 3037 §um
598 2987 633 3027 ot.
653 2991 728 3041 quam
743 2978 801 3037 §nm
819 2988 853 3027 ae.
872 2983 1027 3040 sequuntur,
1047 2977 1085 3024 ita
1105 2974 1176 3024 Gaius
1248 2983 1250 3008 ¹

217 3044 250 3105 §o
265 3054 298 3094 65.
314 3058 356 3100 ea,
376 3058 448 3107 paene
467 3045 494 3094 in
515 3045 540 3094 0.
562 3046 657 3095 Veron.
678 3044 773 3097 adtinet
790 3049 887 3105 locum,
906 3048 996 3097 dicere
1014 3061 1066 3097 non
1081 3051 1176 3110 poterat
1248 3071 1250 3121 ἶ

219 3127 281 3177 quae
296 3113 411 3176 diximus,
425 3116 472 3164 sed
485 3131 555 3167 more
569 3131 616 3166 sao
630 3132 691 3181 quae
706 3132 778 3181 snpra
793 3118 906 3180 diximus,
919 3118 1007 3167 dicere
1017 3133 1074 3168 eum
1083 3123 1176 3181 oporte·
1248 3124 1250 3148 ²

220 3185 271 3234 dat.
286 3210 320 3221 -
335 3184 426 3248 Itaque
441 3186 492 3235 iarn
506 3188 544 3249 ἐξ.
560 3198 657 3253 tta-64.
671 3203 719 3238 suo
733 3190 789 3239 loco
804 3190 941 3239 restituere
957 3190 1070 3255 placuit,
1090 3190 1175 3238 lectore

219 3264 303 3307 tamen
318 3256 447 3305 admonito
462 3272 508 3308 uec
523 3260 627 3309 mutatis
646 3259 685 3321 ἐξ.
700 3261 828 3309 numeris:
846 3260 916 3325 quod
934 3261 1018 3324 ipsum
1031 3258 1080 3325 Bp.
1094 3273 1175 3309 errore
1248 3261 1250 3298 t

220 3342 267 3379 suo
282 3328 398 3393 connita,
410 3327 476 3390 fecit
490 3328 530 3379 ed.
545 3340 564 3381 5.
1248 3322 1250 3336 '

223 3470 299 3519 Paul.
314 3482 335 3533 e,
350 3482 383 3522 lt.
399 3486 454 3520 cum
468 3468 558 3539 amico]
580 3472 618 3535 Of.
639 3471 727 3521 Valer.
744 3471 817 3521 Man.
833 3484 859 3530 t,
874 3484 894 3522 2.
914 3474 937 3535 5.
953 3483 973 3523 t.
1046 3468 1072 3539 ξ.
1087 3473 1126 3522 61.
1139 3471 1173 3533 Cf.

222 3539 255 3589 1..
269 3552 290 3593 a.
310 3541 342 3589 D.
358 3542 390 3591 de
404 3556 469 3592 resc.
485 3543 559 3592 vend.
574 3540 619 3608 (18,
634 3540 666 3607 5).
