2550 4000
425 194 486 230 ann
503 194 601 231 ments.
621 175 670 231 IV.
689 181 799 265 ‹ts-64.
1033 179 1098 246 369

129 338 204 394 bono
219 336 403 407 aestimandi,
425 344 563 410 quantum
579 341 675 394 actori
694 341 809 395 restitut
822 345 970 411 oportent,
990 340 1047 396 lac
1067 344 1098 396 in

130 426 272 495 potestate
278 424 339 478 eius
349 414 358 454 ¹
369 412 586 495 icontinetunut
598 421 689 482 habita
700 424 804 480 ratione
813 425 882 495 eius,
895 423 968 497 quod
981 424 1096 481 inuloenr
1108 422 1168 476 212.

129 515 251 562 actorem
266 521 299 562 ex
315 504 408 562 eadem
420 522 500 563 causa
516 515 653 581 praestare
664 507 826 584 oporteret,
838 510 865 564 in
877 508 1012 583 reliquum
1024 525 1096 582 eum,
1109 489 1128 528 ²¹
1142 499 1162 529 '⁸

128 606 191 647 cunr
209 607 264 664 quo
283 599 372 647 actum
390 597 443 661 est,
460 591 639 648 condemnare
655 585 813 673 (αἰεὶκαὶ).2
852 588 901 650 62.
921 593 990 649 Sunt
1008 601 1098 650 autem

130 674 219 732 bonae
239 673 302 731 fidei
323 675 420 731 iudicia
435 669 554 750 (ueluti)
568 677 648 733 haee:
670 695 702 736 ex
723 685 829 753 empto,
852 677 975 750 uendito,
997 677 1097 751 locato,

130 759 284 831 conducto,
306 761 483 834 negotiorum
498 769 655 836 gestorum,
678 763 811 833 mandati,
827 761 960 835 depositi,
976 761 1098 835 fiduciae,

129 861 181 918 pro
203 846 294 916 socio,
314 845 431 911 tutelae,
453 849 497 902 rei
515 839 668 903 uecorn’ne.8
709 843 759 905 63.
780 846 904 903 Liberum
928 855 971 903 est
987 855 992 917 Ι
1010 855 1099 904 tamen

129 928 213 986 iudici
234 929 335 985 nullam
356 928 467 988 omnino
488 926 624 986 inuicemi
644 933 872 1008 compensationis
895 933 1027 989 rationem
1053 933 1098 988 ha·

130 1007 232 1083 bere34
257 1030 308 1070 nee
330 1015 401 1069 enim
428 1008 544 1089 aperte⁶
568 1014 702 1073 formulae
724 1015 818 1072 uerbis
840 1017 1021 1091 praecipitum
1049 1015 1098 1072 sed

131 1099 196 1172 quia
218 1097 245 1153 id
265 1096 354 1154 bonae
374 1096 436 1156 fidei
461 1099 561 1157 iudicio
583 1104 749 1158 conueniens
772 1100 897 1172 uidetur,
920 1100 983 1158 ideo
1006 1099 1097 1157 officio

130 1185 191 1239 eius
213 1184 347 1240 contineri
370 1183 500 1241 creditur.
544 1179 593 1244 64.
618 1185 676 1242 Alia
698 1201 777 1242 causa
799 1194 840 1241 est
868 1185 942 1241 illius
970 1187 1095 1248 aetionis,

130 1284 185 1341 qua
214 1267 386 1342 argentarius
416 1270 571 1343 experitur:
605 1286 666 1327 nam
696 1272 719 1327 is
749 1272 858 1345 cogitur
888 1286 948 1327 cunr
978 1286 1099 1344 conpen-

129 1354 237 1409 satione
257 1369 350 1428 agere,
371 1362 398 1410 et
418 1371 450 1410 ea
465 1355 643 1427 conpensatio
663 1355 754 1412 uerbis
776 1353 909 1412 formulae
929 1356 1098 1428 exprimitur,

129 1437 201 1494 adeo
217 1437 340 1511 quidem,
362 1447 394 1494 ut
408 1433 521 1497 statim⁸
536 1437 568 1495 ab
583 1441 662 1497 initio
679 1441 892 1514 conpensatione
913 1437 983 1496 lacta
1008 1439 1098 1495 minus

128 1521 254 1578 intendat
272 1522 324 1579 sibl
344 1523 404 1580 dari
423 1533 568 1599 oportere:
591 1541 655 1582 ecee
676 1527 747 1582 enim
768 1525 791 1582 si
813 1527 975 1581 sestertium
990 1542 1011 1581 x
1025 1523 1099 1580 milia

129 1607 229 1663 deleat
248 1608 330 1678 Titio,
352 1617 434 1682 atque
455 1611 479 1664 el
493 1625 536 1665 xx
550 1608 710 1681 debeantur,
732 1609 772 1666 sic
791 1608 922 1666 intendit:
947 1623 977 1666 s1
996 1624 1101 1666 rennn-

130 1709 246 1752 ntnwu
260 1707 324 1750 sunt
338 1710 360 1749 x
374 1709 465 1750 saturn
479 1708 563 1750 nanu
580 1709 746 1751 ononrsnn
768 1709 902 1751 suenrus
927 1707 1014 1758 oven
1029 1707 1099 1749 nnsu

205 1815 226 1885 ¹)
237 1833 290 1882 pre
303 1831 322 1870 s
334 1831 353 1870 t<
366 1829 384 1870 *
397 1829 415 1870 a<
430 1817 466 1877 0.,
481 1825 509 1867 ut
523 1821 631 1882 opinor:
650 1825 739 1883 potest.
766 1817 820 1867 Sed
832 1828 948 1881 possus
968 1812 1014 1865 ΡΒ*
1031 1816 1101 1881 quael

129 1905 200 1939 nunc
217 1888 269 1956 (ed.
289 1887 313 1954 4)
328 1897 394 1954 pulo
410 1890 494 1954 fuisse
513 1891 615 1953 poteius.
687 1884 708 1956 ¹)
723 1889 762 1938 De
781 1888 937 1938 anacolulltn
957 1888 991 1950 cf.
1011 1899 1098 1954 s,1so.

129 1961 202 2027 quod
220 1968 303 2011 tamea
318 1960 430 2012 librario
444 1967 542 2011 tantum
561 1961 604 2012 liic
618 1962 730 2011 manime
748 1962 884 2011 temulento
903 1960 1032 2023 imputare
1047 1974 1098 2010 non

129 2032 250 2083 dubitavi
263 2034 383 2083 addendo
398 2034 491 2083 debent.
559 2029 580 2099 8)
590 2034 743 2097 Difficultas
752 2033 871 2083 lectionis
885 2033 997 2081 vertitur
1008 2033 1034 2080 in
1046 2032 1100 2095 fine

129 2121 171 2155 uu.
186 2115 207 2155 n.
222 2111 248 2154 et
260 2116 295 2167 e,
314 2106 342 2153 in
361 2104 453 2169 quibus
467 2113 554 2155 natum
566 2112 605 2154 est
621 2104 760 2155 librarium
773 2105 866 2154 seriem
879 2104 1015 2154 actionum
1030 2108 1101 2152 certe

130 2176 193 2225 inde
207 2192 224 2225 a
241 2172 244 2243 i
261 2176 366 2225 mandati
377 2174 434 2242 (ms
451 2174 455 2243 1
471 2176 529 2239 dati,
540 2183 677 2241 postquam
687 2177 715 2225 ia
726 2177 779 2239 fine
789 2192 812 2225 u.
822 2186 844 2227 n.
854 2190 946 2225 errore
956 2188 988 2236 m,
1003 2174 1056 2237 ipsi
1065 2192 1099 2215 =

129 2262 186 2296 man
204 2245 361 2313 scripserat)
380 2261 460 2312 usque
480 2248 517 2296 ael
533 2248 620 2297 tutelae
636 2263 687 2310 per
703 2262 820 2298 errorem
836 2246 876 2296 bis
889 2246 1035 2308 scripsisse.
1054 2243 1101 2293 sed

129 2325 157 2367 et
171 2315 229 2384 r(ei)
244 2317 373 2393 n(xori)ae,
388 2325 449 2368 nota
464 2318 590 2376 adnibito,
605 2319 647 2381 (de
662 2334 714 2383 qua
728 2319 780 2371 uid.
795 2318 831 2367 ad
846 2329 867 2379 1,
883 2328 930 2368 us.
946 2313 1046 2379 aalma)
1060 2328 1099 2363 se·

130 2396 219 2439 culum
233 2390 319 2453 fuisse
338 2396 363 2439 el
378 2390 456 2453 finem
471 2389 567 2453 secisse
585 2389 679 2455 aarum
698 2392 829 2439 uenenum
847 2402 881 2437 eac
900 2389 933 2450 ej.
955 2400 1024 2444 mea,
1044 2401 1101 2435 cum

130 2459 226 2510 deinde
244 2467 369 2525 sequatur
383 2460 484 2510 liuerum
503 2456 591 2527 sitm,
609 2462 733 2523 firmatur
750 2458 841 2523 Suppl.
857 2457 894 2509 Sl.
910 2472 939 2521 p.
960 2455 1100 2505 XXXIII.

134 2530 426 2595 Quareauneexpulsm
436 2532 506 2597 quod
514 2532 756 2581 deindesecundam
768 2525 983 2579 Viiconieceram
991 2528 1044 2577 alia.
1058 2530 1101 2579 63.

129 2602 219 2651 Verum
229 2610 318 2665 tamen,
332 2610 411 2652 antea
420 2620 443 2654 u.
453 2614 466 2653 s
475 2610 537 2667 past
547 2602 634 2652 iudicia
649 2602 796 2651 addendum
806 2606 864 2649 erat
876 2595 1013 2665 ³(uetunt’.
1036 2598 1101 2647 Nam

130 2689 190 2723 cum
204 2674 263 2723 edd.
278 2676 355 2723 eliam
369 2670 422 2724 Kr.
438 2685 459 2724 2.
473 2689 508 2723 eac
522 2676 545 2735 ὅ.
561 2684 595 2724 ss.
611 2672 633 2721 I.
649 2673 681 2723 de
695 2678 746 2722 aci.
762 2670 794 2736 (4,
809 2668 832 2737 s)
846 2677 925 2720 tntum
942 2671 1013 2719 illam
1028 2676 1101 2719 cala·

130 2747 219 2810 lupum
228 2744 251 2793 b.
259 2745 282 2809 s.
293 2747 425 2795 actionum
434 2747 531 2809 (multis
541 2752 625 2794 tumea
635 2743 672 2793 ibi
681 2744 760 2793 dictis
770 2740 893 2806 omissis),
903 2756 978 2805 quam
986 2740 1102 2797 aliunde,

131 2815 318 2881 abiapebatur
332 2817 466 2867 destricti
484 2817 553 2866 iaris
571 2822 596 2864 et
613 2815 671 2879 ms.
687 2815 818 2865 actionum
835 2812 1000 2876 differentia,
1021 2809 1101 2859 Iusti·

131 2888 240 2936 mianum
253 2889 375 2937 sumsmse
389 2894 498 2945 constat,
513 2894 539 2936 et
547 2902 600 2951 pro
613 2886 715 2936 Gaiano
725 2887 801 2935 eiiam
816 2881 1101 2940 ronnacensium,

131 2959 325 3023 relipionifuit
339 2965 364 3008 et
378 2960 537 3009 nuncetiam
551 2960 633 3023 mapis
648 2964 693 3008 esi.
759 2952 781 3021 ⁴)
797 2955 842 3005 Em
861 2949 906 3004 W
919 2960 944 3003 et
957 2951 1047 3017 Suppt.
1062 2951 1100 3001 St.

126 3044 158 3093 p.
177 3029 236 3077 XX
240 3028 320 3080 XIII.
344 3029 462 3081 Maxime
475 3044 537 3080 uero
551 3029 600 3079 laec
614 3030 683 3078 ualet
693 3029 721 3077 ia
731 3028 894 3085 aduersario,
909 3026 954 3089 qui
968 3024 1037 3089 quod
1051 3025 1103 3089 ipsi

130 3099 254 3158 debetur,
268 3116 318 3150 sua
333 3103 437 3151 actione
451 3101 576 3165 persequi
589 3106 690 3164 potest:
709 3114 760 3163 qua
779 3099 881 3149 ratione
897 3096 978 3147 Gaius
995 3110 1030 3145 era
1044 3095 1102 3159 lus.

131 3171 282 3222 actionibus
302 3186 348 3221 eas
364 3173 532 3237 praeposuit,
554 3173 582 3220 ia
602 3170 695 3235 quibus
711 3176 736 3219 et
754 3170 905 3220 contrariae
924 3169 964 3217 uel
982 3167 1047 3218 adeo
1063 3166 1103 3215 di·

130 3250 222 3293 rectae
235 3250 306 3303 sunt,
320 3249 346 3292 et
355 3245 382 3292 ia
396 3245 438 3293 rei
447 3244 559 3293 uxoriae
573 3243 684 3301 actione,
699 3256 764 3307 quae
779 3255 810 3289 ne
825 3241 987 3290 contrariam
1002 3238 1103 3303 quidem

131 3313 225 3374 nater,
236 3316 315 3377 finem
325 3315 399 3378 fecit.
465 3311 487 3382 ὅ)
501 3313 565 3363 Item
579 3328 614 3363 ex
627 3311 720 3377 Suppl.
734 3310 770 3363 St.
786 3314 802 3361 t.
818 3327 840 3361 c.
905 3306 926 3376 ⁶)
943 3308 987 3359 En
1006 3304 1059 3372 Vn,
1075 3309 1103 3357 in

128 3401 185 3451 quo
199 3392 283 3435 tamen
293 3400 346 3450 pro
361 3386 441 3435 stetim
456 3393 494 3435 est
508 3386 588 3453 itaque
603 3386 650 3434 cim
665 3392 735 3433 recle
750 3386 849 3433 lectum.

207 3490 233 3562 ἕ.
249 3496 292 3545 62.
314 3494 354 3559 ΟΥ.
368 3494 393 3555 §-
408 3504 441 3544 ss.
461 3492 531 3541 Lib.
549 3491 601 3541 Cic.
618 3494 633 3542 l.
649 3508 671 3541 c.
696 3490 757 3554 Tap.
772 3501 805 3541 lt.
821 3490 844 3552 ξ.
859 3500 893 3540 66.
913 3488 946 3537 rie
963 3494 1015 3537 nat.
1031 3488 1105 3537 deor·

130 3576 155 3628 s,
171 3575 206 3616 ao.
225 3566 250 3628 5.
264 3577 299 3617 tt.
319 3566 351 3615 L.
366 3576 392 3616 ss
402 3580 446 3627 pr.
466 3564 498 3613 D.
510 3578 562 3627 pro
577 3578 630 3613 soc.
648 3565 696 3629 (tt,
712 3560 743 3629 2).

188 3668 285 3701 mmm
299 3668 378 3700 mn.
391 3668 443 3699 un.
459 3668 496 3701 nn.
511 3667 533 3700 u.
869 3647 902 3697 24
