2550 4000
228 218 291 282 206
518 235 579 272 enm
599 239 700 273 menis.
719 219 740 276 Ι,
761 222 903 274 tes-134.
1257 224 1258 281 i

174 375 215 426 3⁶·
232 372 297 434 183.
312 369 500 435 ¹Admonendi
511 387 607 436 autem
619 393 729 449 snmus,
741 379 863 434 liberum
873 378 1027 432 arbitrium
1033 377 1148 445 esseei,
1161 376 1213 447 qui
1257 372 1258 467 i

168 445 184 481 ²¹
198 451 217 479 ¹·
229 465 319 534 fitium
334 471 361 519 et
377 479 417 519 ee
432 480 465 521 eo
480 471 610 536 nepotem
626 467 656 520 in
669 470 814 536 potestate
829 463 953 533 nebeim,
973 463 1067 533 fitium
1089 462 1209 532 quidem
1220 470 1258 545 11ῑέΞ

227 547 1258 621 mmmmdmmmnmmmumommmmmmmmoeudg

229 647 268 688 ex
283 635 399 690 diuerso
413 635 504 706 filium
515 636 627 706 quidem
638 639 668 691 tn
675 638 820 705 potestate
831 635 969 701 retinere,
985 637 1121 702 nepotem
1134 645 1207 686 uero
1257 664 1258 695 i

228 716 1207 789 mmmfflmmndmmmsmmmeffioem.mMmetm

224 809 388 872 pronepote
401 803 478 858 dieto
495 817 557 860 esse
572 807 779 877 inteltepemns.

292 882 358 942 184.
377 879 553 944 ²Proeteren
567 897 710 960 parentes
732 890 817 944 etiam
837 888 947 942 ttoeros
965 889 996 940 in
1017 886 1205 956 adoptionem

229 974 313 1028 datos
327 974 358 1027 tn
367 977 514 1042 potestate
529 972 639 1030 nabere
652 975 795 1030 desinunt.
826 975 898 1027 etin
912 973 973 1043 fitia
988 971 1115 1042 quietem,
1131 972 1163 1023 si
1176 972 1202 1023 tn

178 1069 220 1116 37.
230 1058 411 1127 adaptionem
424 1057 522 1128 datur,
540 1063 601 1114 tres
611 1060 841 1128 mancipationes
856 1051 861 1133 Ι
877 1063 906 1111 et
917 1054 988 1111 duae
998 1053 1203 1108 intercedentes

231 1141 455 1196 manumissiones
466 1141 579 1214 proinde
592 1140 672 1214 fiunt,
687 1139 902 1211 notissimum,
917 1155 978 1195 oum
993 1139 1029 1192 ita
1044 1154 1108 1193 eum
1123 1146 1203 1210 poter

229 1223 1202 1299 mmmfflmmmfflfflffimmwmmmffl

229 1309 1196 1386 mmmmmmmmmmmmmmmmmwmmm

229 1393 313 1449 tilium
337 1411 508 1464 sunnone,
532 1404 560 1450 et
582 1396 630 1451 iilo
647 1405 741 1451 contm
756 1411 812 1450 non
832 1395 988 1451 uindicante
1010 1386 1048 1447 ἀθ
1069 1398 1199 1464 praetore

229 1475 378 1534 uindicanti
393 1475 464 1533 filius
480 1477 624 1551 addicitur,
641 1489 686 1537 aut
703 1481 767 1536 'non
788 1471 1002 1552 remenoipotur⁴
1016 1479 1100 1550 patri,
1117 1477 1196 1533 ’sedi

229 1561 266 1618 ab
282 1576 316 1617 eo
331 1562 454 1618 uindicat
477 1563 500 1617 is
523 1565 569 1635 qui
592 1563 722 1637 adoptat,
738 1565 820 1635 apud
833 1579 914 1637 quem
932 1567 963 1618 in
983 1555 1086 1618 tertia⁵
1100 1560 1198 1616 menoi-

227 1647 338 1719 patione
361 1654 416 1702 est:
440 1655 482 1702 set
504 1663 570 1704 sene
592 1649 761 1705 commodius
783 1655 827 1704 est
840 1650 912 1722 patri
927 1638 1135 1719 remancipet
1172 1645 1197 1698 in

229 1733 326 1787 ceteris
349 1747 416 1786 uero
439 1730 586 1788 liberorum
608 1735 750 1808 personis,
772 1749 821 1787 seu
842 1731 983 1788 masculini
1003 1746 1052 1785 seu
1075 1729 1197 1786 feminini

229 1815 1197 1890 smm,mofflfflmmmmwomffim‚mmmmmwmmm

228 1903 335 1974 parenti
352 1908 399 1957 aut
414 1917 469 1957 non
484 1903 715 1974 remancipantur.
753 1902 889 1960 eademst
910 1902 939 1957 in
959 1900 1110 1974 prouinciis
1125 1899 1199 1972 opud

185 2077 190 2086 ·
229 2058 401 2118 remancipati
412 2056 515 2119 fuerint
528 2062 553 2104 et
566 2074 583 2106 a
598 2057 717 2105 naturali
730 2063 810 2119 patre
827 2058 985 2113 manumissi,
1003 2054 1146 2105 succedere
1160 2054 1196 2101 eis

228 2130 359 2177 naturalis
369 2135 448 2190 pater
463 2142 513 2176 non
525 2135 618 2190 potest,
634 2129 687 2176 nisi
697 2127 863 2189 fiduciarius,
878 2142 895 2176 a
909 2142 959 2191 quo
968 2127 1121 2175 manumissi
1129 2131 1195 2174 sunt.

230 2199 294 2248 Nam
311 2202 336 2248 si
353 2201 556 2261 remancipatam
574 2215 630 2248 enm
649 2198 701 2247 sibi
719 2201 850 2247 naturalis
863 2206 943 2260 pater
962 2200 1004 2247 uei
1022 2213 1089 2247 auus
1109 2212 1195 2245 manu·

228 2273 334 2327 miserit,
350 2272 405 2333 ipse
419 2272 476 2319 eius
491 2272 518 2318 in
532 2270 677 2319 hereditate
690 2266 834 2319 succedit’.
865 2269 903 2333 Cf.
919 2272 942 2331 ὅ.
958 2281 979 2319 e.
1008 2268 1030 2318 I.
1046 2268 1115 2332 quib.
1131 2266 1194 2316 mod.

229 2344 269 2388 ius
279 2347 335 2403 pot.
350 2343 422 2401 solu,
437 2339 505 2389 uerit.
536 2338 581 2389 ‘Et
597 2347 659 2389 tune
673 2356 708 2389 ea
723 2340 808 2390 edicto
828 2340 967 2390 Praetoris
980 2336 1040 2389 ete.'
1114 2336 1134 2402 ¹)
1149 2337 1196 2386 Est

230 2413 253 2472 §-
268 2424 288 2462 t.
308 2410 330 2459 I.
346 2411 369 2458 n.
385 2418 402 2459 t.
422 2410 455 2471 L.
470 2422 504 2461 us.
523 2410 556 2459 D.
571 2412 603 2460 de
618 2411 705 2474 adopt.
721 2410 753 2476 (1,
766 2411 789 2476 t)
804 2428 821 2461 a
838 2411 930 2463 Gdsole.
945 2418 1015 2461 reete
1029 2411 1053 2459 n.
1070 2413 1086 2459 i.
1098 2411 1195 2474 posita,

229 2497 379 2545 quamquam
393 2479 467 2530 Stoa.
482 2482 549 2530 nintt
562 2498 651 2531 eorum
665 2484 808 2545 conspexit.
842 2483 911 2533 Mitt
930 2489 1015 2531 tamen
1029 2482 1196 2531 uerisimilius

228 2554 309 2601 uisum
324 2559 369 2607 est,
385 2553 485 2601 initiunt
500 2554 527 2615 §i
541 2555 567 2601 in
583 2553 726 2602 Iustiniani
743 2553 808 2603 Inst.
825 2555 931 2618 fidelius
949 2570 1025 2618 quam
1043 2555 1071 2601 in
1085 2553 1146 2618 Dip.
1161 2566 1195 2600 ex

231 2622 296 2672 Gaio
307 2630 492 2687 transumptum
502 2639 556 2673 esse
561 2642 571 2681 ‚·
586 2625 654 2673 unde
663 2640 699 2674 ex
708 2627 762 2674 iliis
775 2628 887 2675 restitui.
913 2623 1048 2674 ‘Liberum
1057 2624 1196 2674 arbitrium

227 2701 265 2743 est
280 2691 316 2743 ei'
338 2695 376 2745 ed.
392 2694 440 2760 Bp.
471 2694 525 2745 Neo
540 2698 683 2760 quiequam,
697 2698 722 2745 si
732 2699 884 2746 sententiam
892 2704 1004 2759 spectas,
1019 2697 1088 2745 inter
1097 2695 1162 2744 ltaee
1172 2700 1195 2741 et
1255 2729 1256 2734 .

228 2782 267 2825 ea,
282 2782 348 2831 qocae
363 2774 414 2817 not.
429 2768 544 2816 anteced.
559 2768 716 2832 sipntfiemi,
730 2769 862 2817 interiisse
876 2768 987 2817 uidetur.
1053 2762 1074 2831 ⁸)
1088 2766 1195 2815 Initium

227 2838 276 2888 ltoe
289 2839 451 2901 deperditum
465 2853 500 2887 en
517 2837 646 2887 Gdseneni
660 2839 720 2902 fere
738 2841 901 2889 restitutione
920 2840 1072 2888 adsensum
1092 2839 1193 2887 demon·

226 2910 362 2958 strandum
375 2910 500 2971 supplevi.
531 2908 604 2958 Ntntt
617 2910 685 2958 enim
699 2910 851 2961 intentione
867 2913 891 2972 ἓ.
906 2917 932 2959 et
945 2922 992 2962 los.
1021 2910 1192 2964 intercidisse,

227 2996 262 3028 eoo
276 2982 317 3041 ἐς.
332 2992 352 3030 t.
367 2990 387 3030 s.
411 2979 434 3027 Ι.
450 2979 517 3043 quib.
533 2981 599 3029 mod.
616 2982 633 3028 i.
645 2987 701 3042 pot.
714 2984 776 3031 soto.
793 2980 824 3047 (ι,
839 2981 877 3047 12)
891 2989 1009 3045 apparet.
1071 2976 1093 3045 8)
1107 2980 1165 3029 Hoc
1180 2995 1192 3027 a

224 3050 364 3113 fapitioum
378 3051 405 3097 in
417 3050 443 3099 0.
460 3052 527 3099 inter
537 3050 643 3099 uindicat
652 3058 678 3099 et
686 3052 749 3115 opud
758 3055 872 3115 positum
883 3054 935 3102 isne
944 3052 1118 3102 reuocandum
1127 3058 1190 3100 erat.

228 3117 249 3183 4)
264 3119 309 3168 En
323 3118 454 3169 Sekeuriii
468 3122 501 3183 ej.
513 3122 618 3183 firmata
638 3118 691 3171 Vn.
720 3124 772 3172 inre
791 3125 941 3187 mancipetur
956 3124 983 3173 0.
997 3124 1055 3173 edd.
1113 3119 1134 3187 ⁵)
1148 3121 1191 3169 Ea

232 3186 277 3239 V⁵¹
291 3198 316 3239 et
325 3192 424 3253 partim
438 3207 473 3240 em
486 3190 619 3241 Sensuriii
633 3195 667 3256 ej.
737 3192 758 3260 θ)
773 3210 809 3245 so.
825 3195 858 3244 ab
872 3211 915 3254 eo,
930 3197 975 3245 eui
988 3197 1016 3243 in
1030 3194 1190 3258 adoptionem

227 3263 397 3318 damnasset,
412 3278 443 3311 ne
458 3264 537 3312 aliam
547 3279 696 3326 porsonam,
711 3268 755 3315 eui
768 3269 938 3330 mancipetur,
952 3265 1076 3315 adhibere
1091 3279 1190 3314 neeesse
1254 3315 1255 3326 2

226 3336 268 3383 sit.
292 3332 409 3382 Sekeurl.

298 3454 323 3525 ξ.
340 3460 399 3508 134.
417 3459 454 3521 Cf.
470 3461 580 3508 maxime
597 3460 667 3510 Ptin.
678 3477 717 3524 ep.
728 3473 749 3523 8,
760 3473 793 3512 18.
813 3464 836 3523 §-
847 3473 868 3511 4.
884 3469 1024 3524 praeterea
1041 3460 1104 3510 dett.
1119 3472 1141 3519 o,
1154 3473 1186 3512 19.

216 3526 295 3595 „Suet
314 3526 367 3577 Oet.
383 3541 416 3580 64.
439 3530 491 3579 Cio.
506 3530 538 3579 de
550 3532 596 3593 fin.
608 3544 628 3593 1,
639 3544 659 3583 t.
683 3532 788 3581 Tertuli.
799 3535 867 3595 apoi.
878 3544 899 3583 9.
918 3533 951 3580 L.
962 3534 1006 3580 uit.
1024 3531 1050 3581 C.
1061 3531 1093 3579 de
1102 3532 1187 3594 adopt.

227 3596 258 3661 (s,
268 3596 314 3661 ns).
335 3602 358 3659 §-
368 3612 389 3649 s.
410 3599 432 3649 I.
447 3608 464 3649 t.
476 3616 498 3650 e.
510 3598 596 3666 (1‚12).
