2550 4000
214 207 275 272 186
521 221 583 258 om
600 221 699 256 masna.
719 203 741 256 Ι.
760 209 868 257 52-66.
926 251 928 256 .

276 361 323 422 52.
346 364 376 421 ln
392 371 526 437 potestate
542 365 633 438 itaque
649 371 715 418 sunt
728 365 802 421 serui
817 361 1000 418 dominorum.
1035 379 1107 435 quae
1124 363 1193 436 qui·
1262 382 1263 387 ¹

213 450 273 507 dem
289 458 412 522 potestas
432 450 500 505 iuris
522 450 646 523 gentium
668 456 725 504 est:
748 464 810 504 nam
832 448 906 520 apud
925 461 1021 502 omnes
1043 463 1191 519 peraeque
1203 441 1254 495 [¹¹⁴-¹

213 543 310 610 gentes
321 533 536 590 animaduertere
548 548 707 607 possumus,
721 532 838 588 dominis
853 532 881 586 iu
892 547 992 588 seruos
1006 533 1081 587 uitae
1092 532 1190 587 uocis·

213 636 265 693 que
280 627 444 692 potestatem
466 634 541 688 esse,
563 626 590 674 et
611 615 804 690 quodcumque
824 632 875 690 per
890 631 1001 671 seruum
1015 615 1188 687 adquiritur,
1262 610 1263 653 i

163 702 238 760 14-id
259 705 369 760 domino
391 697 529 775 ’adquiri.¹
554 697 620 759 dd.
643 701 697 756 Sed
719 701 772 757 hoo
795 709 918 774 tempore
937 717 1028 774 neque
1050 695 1187 776 ouibus}

210 788 352 852 Romanis,
373 802 424 842 neo
446 786 508 842 ullis
531 787 588 843 aliis
611 786 781 849 hominibus,
805 788 853 858 qui
875 785 926 841 sub
947 785 1061 857 imperio
1083 785 1188 858 popuii

211 872 322 928 Romani
337 881 418 939 suut,
439 871 501 928 licet
516 869 723 945 supramodum
738 878 766 927 ot
780 871 840 926 siue
854 886 936 926 eausa
949 871 979 926 ia
992 885 1091 926 seruos
1112 885 1186 925 suos
1263 898 1264 903 κ

211 958 330 1012 saeuire:
353 972 415 1012 nam
437 972 469 1010 ex
491 955 698 1012 'constitutione
718 947 915 1010 sacratissimi²
936 955 1109 1027 imperatoris
1126 957 1185 1008 Aa·

212 1041 298 1097 touiui
314 1042 359 1112 qui
375 1041 433 1096 siue
448 1057 527 1097 eausa
542 1056 653 1097 seruum
667 1055 749 1094 suum
764 1038 904 1112 ooeiderit,
918 1055 975 1094 nou
990 1040 1078 1094 miuus
1091 1040 1185 1094 teneri

211 1125 330 1195 iubetur,
345 1141 425 1199 quam
439 1126 485 1197 qui
497 1124 615 1182 alienum
626 1140 737 1180 seruum
750 1123 889 1180 occiderit.
910 1123 959 1179 sed
971 1131 1000 1180 et
1011 1124 1098 1178 maim
1108 1139 1184 1195 quo·

211 1226 264 1283 que
276 1212 408 1283 asperitas
420 1208 594 1266 dominorum
612 1225 661 1282 per
673 1209 794 1265 eiusdem
812 1210 941 1283 principis
952 1208 1182 1264 constitutionem

210 1303 364 1352 coercetur:
390 1311 451 1350 nam
473 1295 615 1351 consultus
630 1311 646 1349 a
664 1293 824 1367 quibusdam
839 1291 1008 1367 praesidibus
1023 1293 1182 1366 prouincia·

209 1394 270 1434 rum
285 1378 319 1433 de
334 1378 376 1434 his
391 1380 490 1449 seruis,
506 1382 552 1451 qui
565 1378 597 1434 ad
611 1379 672 1434 iana
682 1377 797 1434 deorum
806 1376 851 1432 uei
862 1377 895 1432 ad
905 1385 1011 1433 statuas
1022 1378 1179 1450 principum

210 1462 383 1535 coniugium,
405 1464 555 1536 praecepit,
576 1472 608 1518 ut
623 1464 647 1518 si
667 1460 845 1519 intolerabilis
862 1461 988 1518 uideatur
1002 1460 1179 1517 dominorum

210 1548 334 1618 saeuitia,
349 1554 483 1619 cogantur
497 1563 594 1603 seruos
607 1564 673 1604 suos
685 1546 815 1604 uendere.
841 1555 869 1603 et
882 1554 1027 1619 utrumque
1041 1554 1117 1602 reote
1133 1544 1180 1601 tit:

210 1631 278 1687 maie
294 1632 364 1686 enim
379 1639 475 1686 nostro
496 1632 556 1688 iure
572 1633 611 1687 uti
626 1648 682 1688 nou
701 1630 847 1698 debemus3
869 1647 923 1703 qua
944 1631 1050 1686 ratione
1064 1638 1094 1686 et
1113 1647 1181 1703 pro·

211 1715 281 1789 digis
306 1715 478 1771 interdicitur
498 1715 631 1772 bonorum
659 1732 771 1772 suorum
792 1715 999 1774 administratio.
1028 1711 1076 1772 64.
1098 1714 1180 1771 Gete-

210 1817 270 1857 rum
285 1816 346 1856 eum
361 1802 435 1874 apud
448 1801 522 1856 oiues
536 1800 672 1857 Romanos
693 1799 793 1873 duplex
812 1801 849 1855 sit
867 1799 1019 1856 dominium
1039 1794 1116 1873 (uam
1131 1799 1179 1856 uel

209 1886 237 1941 iu
252 1883 330 1939 honis
345 1883 392 1940 uel
412 1901 444 1940 ex
463 1886 523 1940 iure
539 1883 684 1952 Quiritium
705 1884 750 1940 uei
770 1901 802 1940 ex
824 1893 944 1958 utroque
964 1885 1023 1940 iure
1044 1885 1180 1957 cuiusque

210 1985 307 2025 seruus
323 1984 384 2026 esse
402 1966 600 2043 intellegitur),
621 1971 660 2026 ita
680 1970 786 2026 demum
802 1985 913 2025 seruum
929 1968 958 2026 in
974 1976 1112 2044 potestate
1126 1968 1179 2025 do·
1266 1958 1267 1965 ¹

209 2056 274 2110 mini
289 2070 350 2109 esse
365 2054 501 2125 dicemus,
522 2057 545 2111 si
566 2055 688 2110 inbonis
703 2056 762 2111 dus
777 2056 830 2125 sit,
851 2055 956 2109 etiamsi
970 2052 1053 2110 simul
1067 2070 1101 2109 ex
1115 2056 1178 2109 iure

210 2139 353 2205 Quiritium
374 2139 492 2197 eiusdem
513 2156 568 2195 uon
589 2141 639 2195 sit:
660 2156 721 2195 nam
744 2138 907 2212 quidudum
929 2140 973 2194 ius
988 2136 1133 2205 Quiritium
1150 2141 1179 2195 ia

209 2240 290 2280 seruo
307 2223 396 2295 habet,
412 2226 435 2279 is
451 2233 616 2297 potestatem
630 2222 730 2280 habere
745 2240 799 2279 nou
815 2222 994 2297 intellegitur.

271 2304 319 2364 55.
338 2307 404 2363 item
420 2308 447 2363 in
462 2317 598 2381 potestate
614 2318 708 2364 nostra
723 2318 788 2365 suut
802 2306 880 2363 liberi
895 2308 994 2377 nostri,
1010 2325 1080 2383 quos
1095 2310 1178 2365 iustis

209 2394 312 2466 nuptiis
327 2394 541 2465 procreauimus.
572 2392 646 2465 quod
661 2394 705 2449 ius
720 2394 861 2467 proprium
877 2394 976 2449 ciuium
990 2393 1177 2450 Romanorum

208 2484 265 2531 est:
289 2476 345 2531 iere
360 2477 432 2531 enim
448 2476 516 2531 nulii
531 2476 575 2532 aiii
590 2486 656 2532 suut
670 2478 804 2548 homines,
821 2478 867 2551 qui
883 2476 964 2533 tatem
978 2479 1007 2533 iu
1022 2476 1093 2534 iiiios
1108 2496 1177 2534 suos

160 2558 308 2619 15.habent
323 2568 498 2633 potestatem,
514 2562 620 2634 qualem
635 2578 687 2617 nos
703 2562 843 2619 habemus.
866 2562 948 2633 idque
959 2562 1044 2619 diuos
1057 2559 1178 2639 Haidria·

281 2728 301 2797 1)
316 2732 450 2797 adquiritur
462 2731 487 2781 0.
498 2732 557 2781 edd.
576 2730 629 2781 Sed
637 2733 766 2781 sententia
779 2740 805 2780 et
818 2748 862 2782 ree
875 2734 934 2798 ipsa
948 2732 995 2797 (of.
1010 2746 1031 2790 1,
1041 2742 1076 2784 ot.
1091 2744 1113 2795 2,
1127 2732 1176 2798 88.)

207 2805 325 2868 eoeipunt,
340 2811 367 2852 ut
381 2820 437 2854 com
446 2802 604 2853 Haiooodro
614 2802 661 2868 (ad
669 2803 730 2867 Dip.
741 2806 759 2853 l.
769 2802 803 2867 e.)
813 2806 928 2869 tepamuo
937 2803 1039 2868 adquiri.
1078 2798 1100 2870 ¹)
1116 2818 1178 2853 oon-

207 2875 343 2924 stitutiones
359 2874 385 2924 0,
414 2876 442 2923 in
457 2890 506 2939 qoo
521 2872 628 2923 Studes
643 2889 735 2939 apogr.
745 2890 774 2937 p.
785 2886 832 2925 ooo.
852 2878 954 2925 literam
968 2891 980 2924 s
994 2890 1064 2924 mero
1079 2877 1178 2925 calami

207 2947 293 3009 lapsui
306 2945 405 2998 tribuit.
433 2944 487 2995 Sed
500 2948 596 2996 collato
611 2944 643 2993 L.
658 2957 679 2997 9.
699 2946 732 2993 D.
748 2946 784 2993 ad
796 2944 844 2995 SC.
863 2946 968 2998 Tertoli.
984 2945 1030 3012 (es,
1045 2945 1082 3011 lt)
1096 2948 1177 2995 eiiam

206 3015 231 3064 It.
247 3018 277 3075 t,
294 3016 339 3065 ubi
353 3015 434 3065 Gaius
452 3018 494 3065 oui
512 3018 678 3079 imperatorio
692 3017 806 3079 primum
824 3020 974 3067 mentionem
990 3018 1072 3081 facit,
1091 3033 1176 3067 secra-

206 3086 294 3135 tissimi
309 3103 365 3135 oum
374 3088 462 3150 prior.
477 3087 535 3138 edd.
551 3088 665 3136 retinere
680 3089 766 3136 maloi.

277 3224 302 3297 ξ.
315 3227 443 3278 oa.=L.
455 3242 475 3278 1.
491 3230 514 3291 ξ.
530 3242 551 3279 1,
570 3229 602 3277 D.
614 3229 645 3278 de
660 3230 702 3278 Itis
716 3246 738 3293 q.
753 3230 796 3279 oui
810 3225 842 3294 (1,
852 3228 884 3293 6).
904 3231 927 3291 5.
943 3243 966 3295 ι.
983 3229 1005 3279 Ι.
1020 3230 1077 3280 eod.
1093 3228 1125 3295 (1,
1140 3228 1175 3295 e).

206 3295 231 3368 ξ.
247 3301 289 3350 53.
306 3322 340 3341 =
354 3301 386 3349 L.
403 3313 422 3350 1.
438 3301 461 3361 ἕ.
477 3312 498 3351 2.
522 3301 554 3349 J).
571 3302 593 3363 ξ.
609 3312 629 3351 i.
655 3300 749 3350 Leod.
775 3299 813 3362 Of.
831 3300 921 3352 Collat.
936 3313 957 3363 a,
972 3314 992 3352 2.
1006 3313 1027 3352 tt.
1051 3299 1174 3370 prodigis]

207 3371 246 3435 Of.
262 3372 338 3421 Paul.
354 3384 375 3429 a,
390 3373 425 3422 ιθ.
440 3372 463 3432 ς.
479 3384 499 3421 r.
555 3368 580 3440 ξ.
591 3374 633 3422 54.
651 3372 690 3434 Cf.
705 3373 746 3433 ξς.
756 3364 805 3420 21¹).
816 3383 850 3423 ao.
870 3372 945 3435 infra
956 3384 977 3430 s,
990 3384 1025 3423 to.
1039 3384 1074 3423 es.
1093 3384 1115 3430 o,
1125 3384 1175 3425 roo.

210 3442 351 3506 Ulp.1,1o.
375 3442 506 3506 sseopltil.
523 3456 542 3500 1,
557 3454 577 3493 o.
593 3444 616 3504 ξ.
631 3455 653 3493 4.
722 3438 747 3509 5.
761 3441 923 3494 tto-212³.
943 3443 975 3491 D.
991 3444 1023 3493 de
1036 3443 1079 3492 hie
1093 3460 1116 3509 q.
1131 3447 1176 3493 eui

205 3530 228 3563 o.
243 3516 277 3563 ol.
292 3517 344 3564 ior.
360 3514 391 3581 (1,
402 3514 432 3578 o).
444 3529 488 3575 pr.
499 3514 523 3574 ἓ.
534 3524 554 3562 t.
574 3512 596 3561 Ι.
612 3514 645 3561 de
654 3521 726 3575 patr.
732 3521 788 3576 pot.
798 3514 830 3577 (1,
839 3512 872 3579 9).
893 3514 966 3578 infra
978 3516 1002 3575 §-
1012 3526 1046 3565 98.
1062 3515 1174 3579 Dionys.

204 3596 226 3641 2,
240 3596 275 3635 at.
295 3580 443 3650 Galatarum]
459 3583 494 3646 cf.
512 3583 583 3633 Caes.
598 3583 630 3632 de
645 3583 667 3632 b.
685 3583 750 3633 (tait.
766 3596 835 3643 o,19.
