2550 4000
210 189 271 256 188
517 207 578 244 osu
596 208 697 244 ruam.
716 188 737 246 Ι,
755 194 866 244 60-64.

208 353 378 408 contraxisse
393 350 529 410 dicuntur.
559 358 588 406 ot
601 350 670 407 haee
683 350 751 405 adeo
772 351 810 405 ita
831 356 910 419 suat,
934 355 967 404 ut
987 363 1113 421 quantun
1130 362 1186 420 per

209 435 381 508 adoptionem
408 444 551 509 parentum
575 433 760 491 liberorumne
780 434 844 490 ioco
864 432 917 488 sibi
937 448 999 488 esse
1025 432 1182 504 coeperint,
1260 483 1261 502 ,

209 535 265 575 non
280 523 388 593 possint
402 521 475 574 inter
489 536 519 574 re
530 520 703 576 matrimonio
718 520 860 592 coniungi,
875 519 903 572 iu
918 525 1036 587 tantum,
1050 524 1084 570 ut
1098 514 1182 570 etiarn

210 603 342 660 dissoluta
356 604 505 677 adoptione
519 603 591 660 idem
604 605 674 658 iuris
690 612 812 677 maneat,
829 604 921 675 itaque
936 616 1010 672 eam,
1027 615 1099 673 quae
1115 600 1185 654 mihi

209 703 259 763 per
273 689 447 762 adoptionem
460 687 529 754 filiae
538 696 587 742 aut
597 689 688 761 neptis
700 687 764 744 iooo
776 703 838 743 esse
849 688 981 760 eoeperit,
996 701 1053 741 non
1064 677 1183 758 potero¹

210 789 322 828 uxorem
345 772 461 842 duoere,
490 774 614 845 quamuis
637 787 696 828 eant
723 763 975 846 emansipauerirn.²
1027 766 1082 827 60.
1105 768 1186 824 Inter

210 871 256 912 eas
279 871 389 929 quoque
410 871 556 930 personas,
578 873 650 930 ¹quae
671 872 706 913 ax
730 865 887 912 transuerso
909 854 997 928 gradu
1010 855 1185 926 cognatione

209 941 377 1015 iunguntur,
405 949 449 996 est
476 940 607 1013 quaedam
630 939 725 996 similis
747 940 921 1008 obseruatio,
944 939 992 995 sed
1011 955 1070 994 aaa
1092 946 1183 993 tanta.

210 1019 254 1082 61.
277 1025 346 1081 Sauo
367 1017 494 1102 '(em'm)³
515 1027 586 1082 inter
607 1025 719 1081 fratrem
739 1034 769 1081 et
790 1040 915 1081 sororem
938 1021 1093 1096 proditius
1114 1031 1184 1078 sunt
1198 1023 1245 1075 illd

209 1111 331 1183 nuptiae,
355 1110 414 1165 siue
429 1109 523 1165 eodem
545 1117 622 1184 patre
640 1109 790 1182 eademque
804 1117 891 1164 matre
908 1109 963 1163 uati
986 1106 1099 1178 ruunt,
1120 1109 1186 1162 siue

211 1193 344 1251 alterutro
360 1209 472 1250 eorum:
495 1194 589 1254 sedni
611 1209 666 1268 qua
687 1209 738 1267 per
751 1193 928 1266 adoptionem
940 1207 1024 1249 soror
1037 1191 1104 1246 midai
1118 1207 1185 1246 esse

211 1281 342 1353 eoeperit,
358 1293 440 1352 quam
455 1278 502 1335 diu
517 1279 625 1352 quidem
640 1285 750 1334 consta
763 1278 885 1351 adoptio,
906 1292 972 1332 sane
992 1278 1067 1331 inter
1085 1292 1132 1331 me
1154 1285 1186 1330 et

212 1379 269 1419 earn
284 1365 394 1436 nuptiae
409 1379 465 1418 non
479 1371 597 1435 possunt
612 1364 778 1431 consistere3
798 1377 861 1418 eum
875 1377 943 1417 uero
964 1377 1015 1434 per
1029 1361 1185 1433 emancipa-

212 1444 1186 1521 mmmmfflmmfflmmmmmwm

213 1540 239 1587 et
255 1533 279 1586 si
296 1546 350 1604 ego
371 1533 553 1604 emancipatus
574 1531 664 1601 fuero,
687 1531 754 1587 nihil
776 1531 970 1605 impedimerito
993 1531 1047 1585 erit
1066 1530 1185 1602 nuptiis.

212 1611 263 1676 62.
279 1613 381 1670 Fratris
393 1613 477 1688 ¹iiliarn
493 1631 606 1671 uxorem
619 1615 721 1672 dueore
735 1616 813 1672 iioet:
828 1615 910 1690 idque
924 1617 1042 1688 primunr
1057 1615 1087 1668 ia
1102 1630 1184 1668 asum

213 1701 299 1768 uenit,
311 1715 371 1756 ourn
381 1699 461 1754 diuus
470 1699 795 1774 Claudiusdgrippinam‚
807 1700 899 1756 fratris
907 1702 952 1754 sui
964 1697 1185 1770 [ilianum

214 1784 351 1840 duxisset:
368 1785 471 1840 sororis
487 1801 554 1841 uero
571 1783 652 1840 filiam
662 1801 775 1840 uxorem
790 1784 890 1841 duesre
904 1784 1048 1843 nonlicet.
1074 1783 1187 1839 ethaeo

160 1870 199 1918 lt.
214 1869 250 1924 ita
269 1867 466 1943 priucipatibus
486 1868 730 1924 commotionibus
753 1867 953 1943 signifioaatur.
971 1862 976 1943 Ι
991 1868 1060 1924 iton
1074 1868 1187 1922 amitam

215 1962 242 2009 et
257 1961 430 2009 materteram
445 1969 557 2009 uxorein
573 1953 673 2009 duoore
687 1969 744 2010 non
764 1953 837 2011 iteri.
871 1948 923 2010 63.
936 1954 1002 2009 itum
1022 1968 1092 2025 eam,
1114 1968 1187 2025 quae

214 2039 280 2094 mihi
295 2038 431 2112 quondam
447 2054 542 2095 socrus
558 2047 605 2094 aut
620 2054 705 2093 nurus
720 2048 767 2094 aut
780 2040 908 2112 priuigaa
920 2047 971 2093 aut
982 2054 1104 2093 nouerca
1118 2037 1186 2093 suit.

213 2123 274 2179 ideo
298 2131 387 2178 autem
410 2122 526 2179 diximus
550 2122 731 2196 ‘quondam’,
756 2125 819 2196 quia
841 2125 865 2177 si
881 2122 970 2179 adhue
991 2130 1120 2178 constant
1132 2138 1187 2178 eae

213 2209 336 2281 nuptiae,
351 2223 400 2281 per
414 2224 482 2279 quas
498 2208 558 2263 talis
575 2206 699 2263 adfinitas
712 2209 835 2280 quaesita
849 2216 908 2279 est,
929 2207 980 2263 alia
996 2208 1102 2262 ratione
1117 2206 1187 2261 mihi

214 2300 298 2364 nupta
313 2308 444 2347 essenon
460 2300 562 2365 potest,
586 2294 648 2363 quia
671 2308 760 2364 neque
783 2292 875 2348 eadem
896 2291 1005 2347 duobus
1020 2299 1107 2364 nupta
1119 2308 1187 2346 esse

215 2383 319 2449 potest,
334 2391 423 2447 neque
436 2374 509 2430 idem
525 2374 591 2429 duas
608 2392 707 2430 uxores
722 2375 831 2436 habere.
867 2372 916 2434 64.
932 2376 1004 2449 titgo
1021 2377 1043 2431 si
1059 2377 1121 2449 quis
1135 2391 1187 2430 ne·

215 2460 294 2514 iarios
310 2467 392 2531 atque
407 2460 524 2514 incestas
539 2461 649 2532 nuptias
660 2462 834 2532 contraxerit,
850 2477 939 2533 neque
954 2476 1068 2516 uxorem
1080 2460 1188 2515 habere

215 2544 335 2613 uidetur,
343 2559 433 2615 neque
444 2542 561 2599 liberos:
572 2546 665 2617 itaque
676 2545 715 2615 hi,
724 2548 772 2617 qui
784 2562 818 2601 ex
828 2548 1116 2616 aoooitunasountur,
1126 2561 1187 2599 ma·

215 2636 284 2683 trem
297 2626 403 2700 quidem
415 2626 515 2683 dabore
525 2628 663 2699 uidentur,
676 2638 919 2702 patromuoronon
927 2631 1033 2703 utique,
1045 2646 1096 2685 nee
1108 2628 1144 2685 ob
1156 2628 1186 2683 id

214 2714 243 2767 in
257 2720 395 2785 potestate
408 2714 468 2767 eius
481 2720 554 2782 sunt,
572 2712 646 2785 (sed)
659 2721 733 2784 sunt,
751 2714 844 2788 quates
859 2708 902 2786 iit,
919 2730 988 2788 quos
1000 2722 1086 2769 mater
1094 2713 1186 2787 uulgo

215 2796 1186 2873 cmmwnmdfflmmmmmwwmfflwmmumss

290 2964 310 3031 1)
320 2973 403 3030 potero
414 2981 466 3014 eam
481 2962 533 3014 Vnt·
586 2962 851 3031 ²)emaneipauerimus
864 2962 918 3015 W.
962 2964 1185 3034 ³)ErInat.eup-

211 3038 291 3100 pieni.
352 3034 374 3101 ⁴)
387 3037 472 3100 quales
486 3044 542 3085 sunt
557 3037 582 3086 0.
598 3038 657 3090 edd.
674 3038 712 3101 Cf.
727 3040 751 3100 is.
766 3050 801 3087 12.
825 3037 895 3088 Lde
909 3046 979 3103 nupt.
996 3038 1028 3103 (1,
1044 3036 1088 3103 io).
1116 3036 1185 3086 Inde

214 3108 329 3171 fortasse
343 3110 455 3157 rectius:
472 3109 554 3174 (sunt,
567 3110 614 3158 sed
627 3108 704 3175 tales)
719 3116 783 3171 snat,
801 3109 883 3172 quales
898 3117 954 3158 sont
966 3110 992 3158 hi
1006 3110 1046 3158 ed.
1061 3108 1111 3159 Kr.
1123 3119 1146 3158 2.

287 3280 330 3353 ἐξ
342 3287 384 3336 60.
400 3288 441 3337 61.
457 3308 491 3327 ---
506 3288 528 3347 ξ.
541 3298 560 3335 a.
580 3286 646 3335 Lae
656 3293 727 3349 nupt.
738 3286 770 3349 (1,
784 3286 829 3350 to).
854 3286 894 3349 Os.
910 3286 1028 3350 mppr.
1098 3280 1184 3352 §62

217 3356 256 3420 Of.
271 3358 312 3419 ἐξ.
328 3368 347 3407 s.
363 3368 383 3408 5.
403 3357 425 3407 I.
441 3357 497 3407 eod.
512 3356 567 3419 lltp.
582 3368 605 3415 s,
619 3370 639 3407 o.
666 3357 755 3407 Cottae.
766 3368 788 3414 o,
801 3368 823 3406 a.
843 3359 867 3419 ξ.
882 3369 902 3409 s.
926 3357 1007 3407 Tacit.
1018 3356 1052 3405 Α.
1063 3368 1183 3419 rr,saeq.

215 3440 249 3485 sa,
260 3440 283 3478 s.
302 3426 622 3478 surriperentur.
642 3428 738 3484 Drooa,
753 3439 774 3477 e.
821 3424 845 3495 5.
857 3431 899 3479 tt
917 3428 955 3491 Of.
966 3428 1006 3489 §5-
1021 3440 1041 3478 r.
1055 3439 1076 3477 a.
1092 3426 1184 3478 deod.

215 3498 276 3618 gip.
296 3510 322 3556 s,
341 3510 361 3550 o.
392 3499 482 3547 Cottae.
502 3510 527 3556 e,
547 3510 566 3548 o.
591 3500 615 3559 ξ.
634 3510 655 3549 a.
733 3494 758 3566 ξ.
779 3500 821 3549 64.
848 3498 886 3561 Cf.
906 3500 930 3559 ς.
949 3509 983 3548 ra.
1009 3498 1105 3547 deod.
1126 3513 1185 3547 cum

235 3569 327 3618 odrad.
