2550 4000
402 231 464 266 can
482 230 585 267 rueme.
603 213 637 268 ΙΙ.
650 219 760 270 32-37.
1000 217 1063 282 229

90 375 173 446 uelit,
193 370 364 448 pactionibus
382 380 409 428 et
426 371 647 446 stipulationibus
660 372 687 428 id
700 370 809 429 efficere
827 381 936 448 potest;
952 378 1015 449 quia
1028 391 1063 434 ue

88 462 153 534 ipsa
176 458 286 534 quidem
306 457 415 530 praedia
438 457 661 530 mancipationem
684 464 732 514 aut
750 451 808 534 (in)
830 459 890 515 iure
911 462 1063 516 cessionem

89 542 250 618 ’recipiunt
272 538 320 599 ³2.
332 534 397 598 Set1
411 557 471 598 cum
485 541 660 598 ususfructus
676 551 704 598 ct
719 541 858 598 hominum
869 552 897 599 et
907 552 1063 600 ceterorum

92 628 249 686 animalium
261 627 392 683 constitui
411 627 508 700 possit,
527 625 689 700 intellegere
701 626 843 699 debemus,
861 627 960 684 borum
971 644 1064 685 usum·

90 715 216 772 fructum
237 713 317 769 etiam
336 712 365 766 in
385 709 607 785 prouinciis-per
626 713 654 767 in
675 713 737 767 iure
755 713 907 768 cessionem
932 715 1065 771 constitui

90 814 187 873 posse.
208 792 257 868 83.
267 795 443 864 Quodautem
458 795 582 867 diximus,
594 795 797 853 usumfructum
806 797 834 851 in
845 798 904 853 iure
913 800 1064 854 cessionem

89 891 202 939 tantum
218 883 355 955 recipere,
377 895 433 936 non
453 889 496 936 est
517 891 619 942 temere
637 879 755 952 dictum,
777 883 900 955 quamuis
917 884 999 938 etiarn
1015 898 1065 956 per

90 966 321 1041 mancipationem
341 965 472 1022 constitui
491 966 581 1040 possit
602 979 651 1037 co,
674 965 748 1040 qnod
767 966 796 1020 in
811 966 986 1042 manupanda
1000 983 1064 1041 pro

90 1053 213 1127 prietate
227 1049 333 1107 detrahi
348 1057 456 1124 potesta
473 1065 529 1106 non
544 1051 616 1107 cuim
627 1051 688 1124 ipse
698 1047 873 1107 ususirnctus
883 1053 1065 1126 mancipatur,

89 1137 143 1192 sed
158 1152 220 1194 cum
235 1137 262 1191 iu
277 1134 452 1208 mancipanda
468 1136 637 1210 proprietate
653 1134 814 1206 deducatur,
835 1151 869 1192 eo
884 1134 931 1209 fit,
945 1144 977 1192 ut
992 1138 1067 1211 apud

90 1220 178 1277 aliurn
194 1219 384 1291 ususfructus,
399 1221 475 1293 apud
488 1220 567 1276 abunt
582 1220 739 1294 proprietas
752 1213 815 1276 sit.²

159 1301 210 1362 34.
233 1303 375 1360 Hereditas
398 1309 508 1378 quoque
528 1306 556 1360 in
577 1305 635 1361 iure
656 1305 809 1360 cessionem
831 1308 940 1361 tantum
959 1305 1063 1379 recipit.

91 1386 142 1449 35.
164 1389 229 1446 Nam
252 1390 276 1444 si
297 1389 337 1460 is,
360 1387 393 1444 ad
416 1403 498 1462 quem
520 1387 552 1444 ab
575 1389 705 1444 intestato
727 1386 852 1462 legitimo
870 1390 931 1444 iure
945 1390 1066 1463 pertinet

92 1474 244 1546 hereditas,
264 1475 292 1530 iu
312 1474 373 1528 iure
393 1487 453 1528 eam
467 1472 515 1529 alia·
527 1481 590 1529 aute
606 1472 752 1529 aditionem
773 1473 860 1548 cedat,
883 1473 912 1529 id
932 1481 975 1531 est
990 1482 1066 1530 ante·

91 1575 177 1634 quarn
192 1561 274 1616 heres
289 1557 420 1628 extiterit,
436 1557 551 1631 proinde
567 1556 598 1613 tit
612 1557 694 1614 heres
708 1558 743 1627 is,
763 1558 807 1612 cui
822 1559 849 1614 in
865 1560 925 1615 iure
940 1560 1065 1630 cesserit,

91 1661 126 1700 ac
141 1645 165 1700 si
180 1645 238 1718 ipse
253 1659 302 1718 per
317 1641 406 1716 legem
422 1642 457 1697 ad
471 1642 651 1699 hereditatem
669 1649 787 1698 uocatus
807 1651 895 1699 esset:
915 1650 979 1717 post
995 1641 1065 1699 obli-

91 1731 231 1803 gationem
247 1727 353 1784 uenosi
369 1728 492 1794 cesserit,
515 1727 691 1784 nihilominus
711 1727 774 1801 ipse
790 1718 798 1804 i
815 1727 895 1784 heres
911 1735 1063 1802 permanet,
1077 1728 1118 1779 55.

94 1822 126 1870 et
148 1813 183 1868 ob
205 1813 234 1868 id
255 1809 439 1869 creditoribus
460 1811 613 1883 tenebitur,
637 1810 727 1868 debita
742 1827 810 1868 uero
826 1820 954 1886 pereunt,
976 1826 1066 1886 essue

92 1899 179 1954 modo
194 1897 332 1954 debitores
347 1895 505 1954 hereditarii
517 1895 625 1954 lucrum
639 1896 755 1968 iaciuut3
777 1912 895 1970 corpora
918 1912 985 1954 uero
1007 1898 1066 1952 eius

91 1982 256 2040 hereditatis
276 1979 390 2055 perinde
411 1987 552 2038 transeunt
568 1982 600 2038 ad
617 1998 688 2051 eum,
709 1983 752 2037 cui
767 1996 843 2039 ressa
858 1990 900 2038 est
918 1981 1065 2052 hereditas,

67 2136 74 2145 ,
92 2085 127 2125 ac
142 2069 165 2123 si
181 2069 206 2122 ei
221 2066 330 2139 singula
345 2067 373 2120 in
388 2066 447 2120 iure
463 2082 537 2121 cessa
552 2066 679 2124 inissent.
713 2061 762 2122 88.
785 2066 960 2123 Testamento
976 2075 1067 2123 autem

93 2153 217 2225 scriptus
232 2151 312 2206 heres
327 2157 388 2205 ante
405 2148 506 2205 aditam
516 2150 624 2223 quidem
640 2150 820 2207 hereditatem
832 2152 860 2206 in
875 2153 934 2207 iure
945 2150 1066 2207 cedendo

94 2252 156 2292 earn
173 2234 221 2292 alii
234 2234 302 2291 nihil
317 2236 389 2309 agit3
404 2243 501 2309 postea
517 2250 583 2291 uero
596 2250 676 2309 quam
692 2234 789 2291 adierit
803 2237 827 2291 si
843 2235 935 2307 cedat,
952 2251 984 2292 ea
999 2236 1067 2292 acci·

23 2329 78 2382 1155]
94 2322 175 2392 dunt,
193 2336 262 2393 quae
278 2319 401 2394 proxime
416 2320 531 2376 diximus
546 2320 579 2376 de
595 2334 643 2391 eo,
662 2319 695 2375 ad
711 2336 792 2393 quem
808 2318 840 2376 ab
855 2321 984 2377 intestato
999 2320 1068 2392 legi-

93 2407 163 2463 timo
186 2406 246 2461 iure
268 2406 388 2478 pertinet
409 2405 563 2476 hereditas,
586 2406 609 2460 si
630 2412 696 2478 post
718 2398 954 2485 obligationem(
974 2400 988 2483 )
1007 2406 1067 2461 iure

94 2489 183 2547 cedat.
216 2486 262 2547 et.
285 2488 357 2545 ldern
376 2498 403 2545 et
426 2490 460 2546 de
482 2490 642 2546 necessariis
657 2488 803 2545 heredibus
817 2488 941 2547 diuersae
956 2489 1067 2548 scholae

96 2582 223 2631 auctores
240 2575 402 2647 existimant,
426 2574 499 2648 quod
515 2573 582 2629 nihii
598 2574 710 2631 uidetur
721 2575 872 2646 interesse,
891 2583 984 2631 utrum
998 2568 1066 2653 (oli-

96 2652 175 2731 qtrr’s)
185 2658 308 2715 adeundo
321 2659 500 2715 hereditatem
511 2656 559 2715 tint
570 2659 651 2715 heres
663 2674 695 2715 an
707 2659 811 2716 inuitus
826 2652 942 2715 ’statim3
957 2662 1065 2716 existat.

173 2808 193 2877 1)
207 2812 335 2874 recipiunt'
350 2819 375 2859 et
390 2810 417 2861 0.
436 2811 563 2875 recipiunt.
593 2810 624 2859 Et
638 2811 678 2859 ed.
692 2810 741 2875 Bp.
822 2806 844 2875 ²)
856 2808 983 2875 Sequitur
997 2811 1067 2859 lineo

96 2898 188 2933 uacua.
264 2878 285 2947 3)
300 2890 385 2931 statem
400 2881 476 2932 babet
492 2882 517 2931 0.
534 2884 616 2945 poulo
635 2889 696 2931 ante
710 2882 778 2930 inter
793 2882 883 2930 htatern
900 2888 925 2931 et
943 2883 997 2944 iiat3
1016 2881 1067 2931 huo

97 2955 256 3018 transposui.

168 3092 194 3164 ξ.
211 3098 253 3147 53.
275 3096 312 3159 Of.
328 3096 350 3157 5.
365 3107 400 3147 to.
425 3094 469 3147 Fr.
490 3095 549 3145 Vct.
564 3106 598 3147 tr.
614 3105 648 3147 5ο.
672 3093 705 3142 L.
719 3105 754 3145 aa.
778 3093 810 3143 Ι),
830 3094 863 3144 de
882 3094 967 3157 onufr.
987 3092 1019 3161 (a,
1034 3093 1067 3161 1.)

98 3162 123 3235 ᾖ.
139 3169 181 3219 54.
203 3167 241 3231 Cf.
262 3166 317 3231 Utp.
333 3179 415 3231 19,11.
444 3165 517 3218 Sero.
537 3166 573 3215 ad
590 3166 657 3215 Aen.
676 3177 760 3224 e,ecr.
832 3162 858 3234 ᾖ.
874 3167 917 3217 55.
942 3166 980 3230 Of.
995 3178 1017 3231 s,
1031 3176 1066 3217 85.

103 3237 157 3302 etp.
173 3250 207 3302 15,
222 3250 318 3290 stt-*ln
338 3238 370 3287 L.
386 3251 406 3289 1.
434 3238 459 3287 0.
474 3238 507 3287 de
521 3252 606 3287 revoc.
621 3238 663 3286 his
677 3253 700 3301 q.
716 3238 744 3285 in
755 3236 849 3300 fraud.
864 3235 895 3302 (1,
910 3237 955 3301 rt).
974 3236 1065 3286 Senec.

97 3309 129 3357 de
144 3308 226 3373 benef.
242 3322 263 3372 a,
277 3320 298 3361 5.
318 3310 341 3371 ἕ.
356 3321 375 3360 5.
392 3304 505 3377 cesserit]
520 3310 574 3358 siue
588 3310 644 3372 ipse
658 3308 746 3367 beree,
760 3310 814 3357 sive
828 3309 865 3367 is,
884 3311 960 3357 cuius
975 3310 997 3356 is
1012 3308 1067 3355 iuri

94 3386 187 3443 postea
205 3380 336 3430 subiectus
353 3387 404 3440 est,
423 3380 491 3429 celat
509 3382 534 3429 si
547 3394 596 3429 sua
614 3380 689 3429 heres
705 3380 763 3442 fitia
777 3380 804 3427 t‘n
818 3394 920 3428 monum
934 3380 991 3427 eius
1004 3391 1066 3427 con-

98 3454 198 3500 venerit
212 3450 244 3515 (5,
258 3451 304 3517 sc).
338 3451 418 3501 Vurr.
433 3452 464 3499 de
479 3466 501 3499 r.
518 3467 540 3499 r.
556 3462 577 3513 5,
592 3463 625 3503 15.
646 3453 668 3513 §-
683 3463 704 3502 2.
722 3450 767 3500 ott
780 3449 914 3514 tepentium
930 3445 1019 3498 ‘cessa
1032 3449 1068 3497 mi

98 3519 264 3572 hereditate'.
337 3518 362 3591 ᾖ.
378 3524 419 3573 36.
438 3520 476 3583 Os.
486 3533 507 3585 5,
523 3533 557 3574 ec.
582 3521 636 3586 Uip.
652 3533 735 3586 15,15.
751 3533 784 3571 11.
805 3520 874 3568 Ptin.
886 3534 924 3582 ep.
940 3530 961 3583 5,
976 3532 996 3570 1.
1011 3520 1035 3582 5.
1045 3530 1066 3570 5.

99 3588 123 3659 ξ.
139 3595 182 3645 st.
205 3593 243 3656 Cf.
258 3606 280 3656 5,
294 3604 328 3644 51.
344 3608 387 3642 suo
402 3589 469 3661 ioco]
485 3594 507 3654 ξ.
524 3604 562 3644 155
576 3608 627 3656 sep.
