2550 4000
221 207 284 272 258
497 218 571 260 'osu
588 225 691 260 ansata.
709 207 744 266 ΙΙ,
764 213 906 261 tao-160.

222 385 282 423 rum
305 366 375 423 bona
400 367 532 424 uenierint
555 368 762 442 proportione,
784 371 808 424 si
830 368 893 442 quid
916 375 1013 440 postea
1038 366 1243 440 adquiraotpoo.

222 452 303 508 etlam
320 454 426 526 saepius
444 469 538 509 eornm
554 452 623 508 bona
639 454 733 508 uenire
748 453 848 509 solent.
891 447 956 509 156.
979 451 1030 507 Sui
1054 461 1146 507 autem
1165 461 1187 506 et
1239 442 1252 485 '=

222 539 369 594 necessarii
389 537 503 593 heredes
519 546 583 593 sunt
599 538 675 593 uelut
691 536 762 593 filius
778 537 878 609 liliaue,
899 554 986 611 nepos
1009 539 1143 610 neptisue
1161 553 1187 592 ex

222 619 278 677 lilio
300 615 353 701 (ei)
376 622 504 696 deinceps
527 624 626 694 ceteri,
656 624 702 696 qui
725 622 804 678 modo
832 624 859 678 in
887 627 1026 695 potestate
1052 623 1187 677 metientis

222 706 347 763 luerunt:
371 707 418 762 sed
440 709 479 762 uti
495 723 581 781 nepos
600 709 726 780 neptisue
741 723 811 765 suus
829 707 908 762 heres
924 709 975 777 sit,
998 723 1059 762 non
1081 703 1187 775 sufficit,

222 807 284 847 eum
298 793 326 846 in
342 800 479 865 potestate
495 794 537 848 aui
553 794 648 847 mortis
671 800 794 865 tempore
809 791 908 862 foisse,
929 790 978 847 sed
993 807 1070 864 opus
1087 799 1145 861 est,
1164 800 1188 844 ut

221 883 299 948 pater
315 891 424 947 quoque
439 877 497 930 cius
514 878 579 931 uiuo
595 885 673 949 patre
688 893 738 931 suo
754 876 864 931 desietit
874 893 942 932 suus
957 877 1042 932 heres
1060 892 1136 947 esse,
1151 883 1189 929 aot

143 988 148 1014 .·
222 967 310 1014 morte
325 962 491 1032 interceptus
508 968 554 1015 aut
566 960 686 1033 qualibet
697 963 802 1017 ratione
816 959 946 1016 liberatus
961 968 1124 1034 potestate3
1140 969 1188 1015 tom

222 1044 291 1099 enirn
308 1059 395 1119 nepos
411 1046 536 1117 neptisue
552 1047 579 1100 io
601 1045 690 1102 locum
707 1047 749 1101 sui
768 1047 852 1118 patris
867 1046 1029 1102 succedunt.
1062 1041 1128 1102 157.
1143 1042 1188 1098 Sed

222 1127 264 1183 sui
286 1129 394 1201 quidem
416 1128 530 1185 heredes
552 1129 614 1186 ideo
631 1130 813 1204 appellantur,
837 1131 900 1204 quia
914 1129 1064 1186 domestici
1081 1127 1188 1184 heredes

221 1221 285 1268 suat
301 1223 328 1269 et
344 1215 407 1269 uiuo
432 1230 542 1288 quoquc
557 1222 669 1288 parente
689 1214 893 1288 quodammodo
913 1215 1016 1270 domini
1035 1215 1187 1270 existiman·

222 1307 276 1367 tur,
293 1299 362 1354 anile
378 1302 458 1354 etiam
475 1302 498 1355 si
514 1301 574 1372 quis
589 1302 733 1355 intestatus
750 1308 875 1356 mortuus
892 1300 937 1369 sit,
954 1301 1043 1372 prima
1058 1305 1188 1354 causaest

221 1384 249 1437 in
265 1385 438 1438 successione
453 1381 615 1439 liberorum:
639 1385 784 1441 necessarii
800 1401 865 1440 aero
888 1384 949 1440 ideo
966 1384 1114 1454 dicuntur,
1135 1382 1186 1454 quia

222 1466 393 1537 omnimodo,
411 1460 501 1546 (siue)
518 1467 602 1523 uelint
617 1467 699 1540 (silue
713 1464 822 1542 (nolint,
839 1463 910 1544 tam)
922 1467 955 1524 ab
966 1469 1103 1525 intestato
1116 1481 1186 1540 qoam

222 1568 254 1606 cx
270 1558 431 1606 testamento
453 1551 565 1607 heredes
588 1550 675 1612 fiunt·
709 1550 770 1612 158.
793 1553 845 1609 Sed
866 1555 907 1609 his
930 1561 1042 1627 praetor
1059 1550 1185 1627 permittit

221 1634 356 1692 abstinere
379 1652 408 1692 se
431 1635 463 1691 ab
486 1635 655 1708 hereditate,
680 1647 709 1694 ui
732 1640 823 1711 potius
839 1639 958 1711 parentis
974 1637 1047 1694 bona
1065 1643 1184 1693 ueneant.

220 1715 283 1778 159.
307 1719 379 1777 ldem
394 1722 461 1776 iuris
477 1729 519 1777 est
534 1729 562 1776 et
577 1713 635 1798 (in)
653 1725 743 1778 uxoris
763 1739 890 1797 persona,
914 1725 1024 1797 quaein
1041 1727 1183 1787 manassi,

175 1835 179 1842 ·
221 1807 283 1879 quia
301 1804 369 1862 filiae
385 1806 446 1862 loco
463 1814 513 1874 cst,
537 1814 565 1861 et
579 1808 607 1862 in
626 1823 727 1877 nurus,
753 1824 823 1880 quae
846 1809 870 1863 in
888 1825 968 1864 manu
985 1807 1032 1863 lilii
1050 1816 1106 1878 esi,
1129 1805 1184 1878 quia

165 1885 207 1933 95-
223 1893 314 1966 neptis
326 1891 387 1946 loco
400 1898 450 1949 est.
472 1885 539 1952 160,
550 1889 620 1958 Quin
631 1893 710 1946 etlam
720 1892 846 1948 similiter
855 1891 1006 1949 abstinendi
1015 1883 1183 1968 potestlatem

223 1974 287 2031 lacit
309 1985 419 2049 praetor
434 1977 512 2032 etiam
532 1975 575 2039 ὀὶ,
599 1978 687 2050 quiin
705 1993 783 2034 causa
800 1979 928 2052 mancipii
941 1985 992 2048 est,
1015 1978 1044 2033 id
1061 1986 1105 2033 est
1120 1989 1183 2030 maa·

221 2063 326 2134 cipato,
350 2056 426 2137 (qui)
449 2078 508 2117 cum
532 2055 674 2118 libertatc¹
701 2062 779 2118 lieres
802 2064 945 2119 institutus
960 2065 1011 2131 sit;
1034 2048 1183 2136 'quamuis²

221 2311 290 2344 nunc
304 2295 366 2343 milii
379 2294 558 2357 satisfaciunt,
576 2309 622 2343 nec
637 2292 696 2343 Sao.
712 2296 745 2357 ej.
759 2293 804 2360 (ex
817 2310 846 2344 eo
861 2293 940 2360 quod)
955 2294 1054 2344 Latinus
1069 2296 1110 2343 ael
1123 2302 1182 2339 mea:

222 2366 299 2413 Latini
319 2364 404 2429 (bouis
424 2364 499 2427 quae)
519 2364 662 2427 adquisient
680 2368 719 2415 cel
738 2368 765 2414 in
785 2366 824 2415 ed.
844 2378 864 2418 3.
893 2366 973 2415 Latini
991 2365 1066 2415 bonu
1087 2364 1128 2429 qai
1147 2360 1181 2408 de·

221 2435 552 2494 cesseri13demonstranda
571 2437 638 2483 enim
656 2444 714 2485 erat
732 2438 893 2486 hereditaria
912 2451 993 2486 caasa
1007 2431 1182 2500 acquisitionis

222 2512 247 2554 ei
261 2506 433 2569 inteliependa
448 2513 485 2554 est
500 2504 624 2555 bonorum
640 2508 685 2555 ilia
701 2510 830 2569 possessio
850 2507 882 2575 (1,
896 2507 933 2572 35)
952 2523 1004 2557 non
1017 2508 1094 2557 modo
1113 2505 1180 2554 bono·

221 2592 278 2625 rum
302 2576 419 2639 defuncti
441 2577 488 2626 sed
509 2578 586 2625 etiam
605 2577 670 2626 ciuis
694 2577 765 2627 Rom.
782 2579 852 2641 facti
874 2579 974 2627 Latini.
1005 2576 1102 2628 Sedet
1121 2587 1181 2624 nune

221 2648 319 2697 demum
345 2663 379 2696 ea·
403 2660 427 2708 1,
447 2658 472 2699 35
496 2664 513 2696 a
540 2647 613 2697 nobis
634 2651 755 2698 restituta
778 2652 952 2715 intellegitur,
980 2646 1181 2714 quemadmodum

224 2718 306 2768 Gaius
325 2720 372 2770 loc
391 2721 534 2782 exemplum
552 2719 575 2768 n.
597 2721 613 2768 l.
634 2719 704 2785 (ante
719 2733 743 2783 s,
758 2731 784 2771 os
797 2720 862 2786 seq.)
878 2736 978 2785 ponere
997 2722 1123 2784 potuerit.
1153 2713 1180 2763 Ii

221 2809 362 2873 archetypo
380 2811 505 2873 scriptum
522 2809 607 2871 suerit
623 2810 717 2857 Latialia
738 2810 801 2872 (pro
820 2808 846 2875 b)
866 2812 904 2873 pm
925 2811 948 2859 la.
1027 2805 1048 2873 ¹)
1064 2811 1087 2859 ei
1105 2804 1180 2873 quiin

221 2895 293 2930 causa
318 2881 342 2930 id
366 2888 378 2928 i
402 2881 536 2943 mancipato
561 2881 649 2943 maclpi
668 2895 681 2928 e
700 2895 754 2929 cum
773 2882 833 2930 liber
852 2889 875 2930 el
895 2881 920 2931 O.
941 2879 989 2946 (et,
1012 2879 1181 2930 veronidcst

221 2951 356 3013 mancipato
375 2958 472 3000 tantum
492 2952 596 3001 uncinis
615 2953 724 3001 inclusis
742 2952 781 3003 ed.
797 2952 846 3017 Bp.
860 2950 883 3015 5)
902 2953 1050 3016 mancipato,
1066 2952 1091 3001 id
1105 2957 1140 2999 est
1153 2945 1179 3005 ei,

222 3023 262 3085 qui
281 3023 304 3069 in
325 3037 396 3070 causa
415 3023 528 3085 mancipii
549 3029 598 3085 cst,
618 3038 672 3073 oum
690 3024 751 3072 liber
765 3030 788 3071 et
802 3023 841 3072 ed.
857 3023 905 3089 Bp.
936 3023 974 3087 Of.
991 3020 1097 3072 ‘Gaius’
1110 3038 1136 3086 p.
1149 3027 1179 3067 tt·

222 3092 252 3153 ci,
268 3092 346 3155 quiin
362 3108 432 3141 causa
447 3094 560 3157 mancipii
575 3102 620 3152 est,
638 3092 683 3160 (si)
699 3109 752 3143 cum
767 3094 877 3143 libertate
892 3096 931 3144 ed.
945 3090 1019 3144 Stud.
1087 3091 1109 3161 ²)
1125 3091 1178 3140 aor-

220 3164 289 3211 rexi.
314 3178 368 3211 curn
383 3162 420 3228 (in
436 3164 577 3229 archetypo
587 3172 653 3229 puta
669 3174 698 3214 ca
709 3181 760 3228 pro
775 3164 817 3231 qit)
834 3166 859 3217 G.
875 3167 933 3215 edd.

290 3372 333 3444 ἐξ.
351 3378 497 3429 tta-158.
513 3399 546 3419 =
563 3380 584 3439 ἓ.
601 3389 621 3428 2.
642 3378 712 3427 Ltit.
726 3379 769 3429 cit.
784 3384 815 3441 (a,
831 3377 875 3446 19).
897 3380 935 3443 Cf.
947 3381 1020 3443 iofra
1033 3393 1054 3444 s,
1065 3394 1085 3432 2.
1104 3379 1133 3428 L.
1144 3388 1174 3426 tt.

219 3447 251 3496 D.
267 3449 299 3497 de
314 3447 355 3496 lib.
372 3456 474 3512 etpost.
486 3449 530 3513 (28,
541 3450 572 3513 2).
601 3449 656 3513 Uip.
672 3462 704 3500 22.
719 3461 752 3501 24.
774 3450 863 3500 Callai.
879 3462 913 3514 16,
927 3464 947 3503 a.
968 3454 991 3513 §-
1006 3464 1027 3503 6.
1082 3454 1105 3514 §-
1122 3449 1174 3499 159.
1248 3509 1249 3516 ἵ

221 3518 259 3579 Os.
279 3531 314 3620 ³'a
324 3530 343 3569 o.
368 3531 392 3581 2,
413 3532 459 3571 sos.
480 3533 504 3585 1,
525 3532 571 3569 111.
645 3517 670 3589 ξ.
692 3524 750 3572 160.
772 3520 809 3584 Cf.
830 3534 1098 3585 1‚123.1³8.3‚114.
1126 3518 1175 3581 {ltp-

217 3600 259 3651 22,
274 3600 300 3639 24
317 3628 322 3639 .
