2550 4000
421 226 591 264 os111nsn1n.
610 208 631 260 I.
651 213 730 263 2-6.
986 209 1050 275 173

87 359 224 416 Romanus
243 358 342 431 partim
357 373 407 412 suo
424 357 546 430 proprio,
562 356 658 429 partim
675 354 811 412 communi
828 359 948 415 omnium
963 359 1050 417 bomi-

87 459 153 500 num
178 444 237 498 iure
265 442 360 499 utitur.
387 457 456 514 qnae
482 438 587 514 singula
613 438 703 513 qualia
722 441 794 510 sint,
817 440 875 496 suis
896 441 963 498 locis
985 459 1049 516 pro·

87 541 231 601 ponemus.

153 607 183 669 2.
199 609 314 666 Constat
329 615 419 666 autem
431 609 474 665 ius
485 611 567 666 nuile
578 607 672 681 populi
684 600 808 665 Romani¹
819 625 852 665 81
863 608 981 684 legibus,
993 609 1050 683 plc-

88 695 203 760 biscitis,
221 692 493 763 senatusconsultis,
511 691 754 750 constitutionibus
771 693 937 767 principum,
955 694 1051 750 edictis

89 793 198 849 eorum,
215 779 261 850 qni
277 778 319 834 ius
333 775 453 833 edicendi
465 776 574 842 habent,
586 777 725 850 responsis
737 775 920 849 prudentium.
950 774 980 835 3.
996 777 1051 835 len

89 871 149 933 est,
177 861 251 935 quod
271 859 389 934 populus
410 859 485 916 iubet
505 868 586 932 atque
616 861 767 917 constitnit.
802 859 973 933 plebiscitum
999 871 1049 930 est,

91 945 167 1018 quod
182 943 259 1020 plebs
273 943 351 1001 iubct
369 951 450 1017 atquc
471 944 623 1000 constitnit.
661 942 738 1017 plebs
760 952 877 1000 autema
899 945 1003 1019 populo
1018 963 1051 1002 eo

91 1030 192 1100 distat,
212 1027 284 1103 quod
307 1027 403 1102 populi
422 1027 604 1101 appellatione
624 1029 745 1085 uniuersi
764 1028 837 1086 ciues
853 1028 1051 1103 significantur,

91 1113 291 1172 connumeratis
313 1117 400 1170 etiam
414 1113 550 1185 patriciis3
572 1111 659 1185 plebis
679 1120 770 1168 autem
790 1113 973 1185 appellatione
991 1114 1052 1170 sinc

91 1196 212 1272 patriciis
228 1198 312 1254 ceteri
327 1197 401 1254 ciues
417 1195 622 1269 significantur3
637 1195 709 1252 unde
725 1195 788 1252 olim
800 1198 906 1269 patricii
916 1196 1051 1267 dicebant,

92 1279 240 1355 plebiscitis
263 1296 293 1336 se
315 1296 371 1336 non
395 1282 494 1351 teneri,
519 1281 582 1353 quia
604 1282 663 1336 sine
684 1280 846 1337 auctoritate
868 1297 962 1338 eorum
984 1281 1052 1338 iacta

93 1371 201 1432 essent3
217 1363 264 1420 sed
279 1371 374 1438 postea
393 1366 398 1432 1
417 1361 460 1420 lex
470 1363 613 1419 Hortensia
628 1363 682 1419 lata
696 1372 750 1434 est,
766 1379 818 1436 qua
831 1373 938 1421 cantum
953 1375 1005 1436 est,
1022 1374 1052 1421 ut
1062 1387 1086 1434 2.

19 1457 79 1507 1188]
93 1446 233 1522 plebiscita
249 1448 405 1504 uniuersum
420 1447 550 1521 populum
567 1455 705 1505 tenerent:
726 1449 817 1520 itaque
839 1464 872 1505 eo
888 1448 968 1505 modo
984 1448 1052 1521 legi·

93 1531 145 1588 bus
160 1540 308 1604 exaequata
323 1539 397 1588 sunt.
427 1527 455 1589 4.
475 1532 589 1588 Senatus
605 1530 761 1590 consultum
776 1539 834 1602 cst,
851 1531 925 1606 quod
940 1541 1051 1589 senatus

93 1614 170 1672 iubet
191 1623 272 1687 atque
294 1616 453 1684 constituit,
476 1614 557 1688 idque
579 1615 649 1690 legis
672 1616 758 1674 uicem
780 1617 901 1689 optinet,
929 1618 1052 1689 quamuis

93 1699 176 1756 luerit
191 1700 355 1774 quaesitum.
382 1696 410 1758 5.
425 1698 590 1757 Constitutio
602 1701 732 1773 principis
748 1707 800 1770 est,
816 1699 891 1773 quod
905 1702 1054 1774 imperator

94 1783 203 1840 decreto
221 1783 265 1840 uel
287 1783 376 1840 edicto
392 1783 435 1840 nel
451 1783 567 1858 epistula
582 1786 733 1842 constituit.
762 1798 814 1841 nec
834 1800 959 1857 umquam
975 1783 1052 1841 dubi·

94 1875 182 1923 tatum
197 1875 250 1939 est,
273 1869 336 1940 quin
359 1867 387 1922 id
408 1867 476 1942 legis
493 1868 579 1924 uicem
594 1870 726 1941 optineat,
749 1883 810 1924 cum
832 1870 890 1940 ipse
906 1870 1053 1942 imperator

94 1967 144 2025 per
163 1951 253 2026 legent
272 1952 414 2025 imperium
436 1952 555 2025 accipiat.
599 1947 627 2009 6.
651 1950 776 2029 ’(Εάἱοῑα
802 1959 870 2009 sunt
887 1960 1052 2025 praecepto

97 2052 205 2105 eorum,
222 2039 273 2107 qua·
286 2040 331 2092 ius
346 2037 476 2093 edicendi
489 2029 634 2111 babent.)²
650 2036 692 2092 ius
708 2046 799 2095 autem
814 2036 937 2093 edicendi
954 2036 1053 2093 hahent

172 2199 193 2269 ¹)
212 2201 319 2253 Retinuz'
335 2216 371 2250 ex
388 2202 427 2251 ed.
443 2214 478 2262 8.,
498 2218 553 2251 cum
572 2203 618 2250 iuri
638 2202 703 2250 ciuili
721 2203 745 2251 Ιι.
765 2206 782 2251 l.
801 2210 890 2267 aperte
908 2210 1054 2265 opponatur

97 2288 167 2323 omne
189 2274 226 2322 ins
248 2288 293 2336 quo
315 2273 403 2321 utimur
421 2274 444 2334 ξ.
464 2284 485 2323 8.
504 2280 529 2321 et
547 2273 581 2333 cf.
601 2272 697 2321 Isidor.
718 2288 756 2322 or.
776 2283 797 2335 5,
816 2284 841 2330 8,
862 2284 882 2323 2.
903 2280 1013 2322 constant
1031 2281 1054 2322 at

97 2342 197 2411 (autent)
213 2343 264 2392 iura
274 2357 303 2405 pr
317 2342 345 2391 V
344 2339 365 2375 Ι*
378 2343 435 2391 edd.
447 2344 497 2391 insa
505 2344 586 2405 furto,
602 2350 629 2391 ut
638 2349 712 2405 puto,
722 2358 757 2392 ecc
766 2344 803 2392 ius
815 2345 847 2405 ὃς
861 2359 919 2393 nam
930 2345 981 2392 iura
991 2358 1014 2407 p.
1026 2344 1052 2392 ll.

94 2416 193 2479 partim
207 2416 284 2463 eiiam
297 2414 365 2463 iuris
381 2414 495 2478 pendium
509 2420 580 2471 sunt,
600 2416 644 2463 cui
657 2414 700 2463 ln'c
714 2416 786 2463 lccue
804 2422 914 2464 nonest.
943 2421 1054 2463 constant

98 2492 177 2535 autem
190 2485 242 2533 iura
260 2482 395 2549 (propria)
413 2484 452 2533 ed.
472 2498 527 2533 meu
541 2496 560 2533 1.
589 2490 683 2533 constat
700 2492 779 2533 antem
798 2486 835 2533 ius
855 2484 995 2534 Romanurn
1012 2485 1052 2534 ed.

98 2555 146 2621 Bp.
161 2566 182 2607 5.
215 2561 324 2603 constant
339 2592 345 2604 .
360 2591 366 2603 .
381 2554 433 2603 iura
452 2562 533 2603 nostra
552 2556 584 2617 ej.
603 2552 712 2604 Bremer
731 2554 773 2620 (de
796 2555 850 2618 Ulp.
871 2555 951 2604 instit.
963 2571 990 2618 p.
1006 2554 1052 2619 18).

101 2623 263 2692 ¹)Suppleui
283 2625 319 2673 cd
337 2626 495 2674 sententium.
533 2624 611 2675 Hunc
631 2628 698 2675 enim
718 2626 860 2676 edictorum
880 2626 1053 2688 definitionem

99 2779 122 2839 ξ.
134 2788 168 2826 11.
178 2774 247 2825 Lacr.
257 2777 300 2824 cit.
309 2790 368 2838 quac
376 2772 479 2843 singula]
489 2776 506 2824 i.
515 2791 536 2825 e.
547 2790 612 2840 quae
621 2777 914 2839 sinpulcprneceptucn
922 2776 976 2823 siue
986 2775 1054 2822 iuris

97 2848 212 2913 pendium
229 2848 283 2895 sice
302 2847 369 2895 iuris
388 2848 473 2895 ciuilis
491 2848 544 2895 sint
562 2852 608 2895 etc.
635 2845 674 2909 Cf.
694 2858 714 2902 1,
729 2856 763 2896 58.
777 2856 811 2897 55.
826 2856 859 2895 18.
874 2856 908 2895 sn.
924 2856 957 2895 88.
968 2854 1002 2894 84.
1018 2855 1053 2894 88.

99 2929 133 2969 88.
149 2929 195 2969 188.
211 2927 319 2969 118188.
335 2927 444 2968 188188.
464 2928 484 2979 8,
499 2926 525 2967 88
538 2931 589 2980 seq.
605 2928 639 2967 18.
658 2927 679 2972 8,
693 2926 727 2967 88.
743 2927 789 2966 188.
805 2916 865 2966 154⁶.
947 2951 952 2963 .
968 2916 993 2964 8.
1014 2914 1053 2976 Of.

100 2990 124 3049 ἓ.
139 2986 197 3039 81.
216 2989 255 3037 tit.
275 2988 317 3035 cit.
333 2986 365 3035 L.
385 2998 405 3037 1,
416 3002 460 3051 pr.
475 2987 507 3035 D.
523 2988 562 3035 tit.
582 2988 625 3035 cit.
647 2985 699 3035 Cic.
722 2984 783 3049 Top.
798 2996 819 3043 5,
834 2997 867 3036 88.
942 2987 988 3035 .3.
1015 2985 1053 3046 Cf.

101 3060 125 3119 ἓ.
140 3069 160 3108 4.
175 3057 198 3108 Ι.
213 3058 245 3107 de
258 3059 316 3106 iure
330 3063 382 3105 nat.
399 3057 429 3121 (1,
445 3056 467 3118 8)
482 3057 542 3122 iniq.
557 3055 699 3106 Schrader.
744 3052 769 3123 ξ.
785 3058 809 3105 4.
831 3056 869 3120 Cf.
885 3058 908 3118 ἕ.
924 3066 945 3107 5.
960 3054 981 3104 Ι.
998 3056 1053 3106 eccl.

101 3128 134 3176 L.
149 3139 169 3179 9.
184 3128 218 3178 Ι),
232 3128 263 3177 de
278 3130 325 3193 lep.
340 3126 387 3177 SC.
402 3126 433 3191 (1,
447 3126 478 3193 8).
534 3123 559 3195 §.
576 3129 599 3179 b.
622 3126 660 3189 Cf.
675 3128 698 3187 §-
716 3138 736 3177 8.
751 3127 773 3175 I.
788 3127 819 3176 de
834 3129 959 3177 iurenot.
975 3128 1006 3191 (1,
1021 3126 1053 3190 a).

100 3195 126 3267 ἕ.
143 3201 166 3249 6.
191 3197 229 3261 Of.
248 3200 271 3260 ξ.
286 3210 305 3251 t.
321 3198 344 3252 J.
359 3199 415 3248 eod.
433 3198 484 3248 Cic.
507 3199 543 3247 nd
556 3197 636 3247 Attio.
656 3208 676 3256 8,
695 3210 715 3247 1.
735 3199 758 3258 9.
773 3207 806 3248 15.
843 3194 995 3263 quaestores]
1015 3198 1055 3245 De

100 3284 189 3319 eorum
199 3269 378 3319 iurisdictione
388 3270 422 3333 cf.
436 3268 487 3319 Cic.
498 3270 577 3318 divin.
588 3280 621 3319 tt.
632 3270 655 3329 ἕ.
666 3277 699 3319 55.
719 3266 804 3318 sonci.
819 3269 855 3317 ad
866 3269 917 3318 Cic.
929 3269 1008 3316 divin.
1020 3277 1053 3317 15.

100 3342 124 3402 ἓ.
137 3352 173 3391 48.
193 3356 267 3405 quum
276 3341 418 3405 deleputarn
427 3340 554 3390 aedilibus
566 3338 725 3389 Cirtensibus
734 3340 762 3387 in
772 3341 913 3401 prouincia
923 3336 1053 3394 Numidia,

100 3426 176 3476 quarn
189 3418 309 3477 quaestor
319 3412 486 3475 proconsulis
496 3411 606 3473 Africae
616 3423 668 3458 non
679 3409 762 3471 facile
771 3409 867 3466 adibat,
882 3423 951 3457 nunc
961 3422 1054 3471 copno·

100 3483 181 3531 vimus
199 3497 234 3531 ex
253 3481 350 3530 Renier
367 3480 390 3530 I.
410 3480 443 3531 A,
462 3492 522 3532 8188.
541 3480 586 3545 (=
603 3478 802 3529 Orelli-Henzen
822 3478 893 3543 8885.)
914 3488 1053 3530 18881888.

99 3564 160 3604 2172.
175 3564 235 3604 stas.
252 3562 313 3604 2325.
