2550 4000
409 291 533 351 [³354
1089 327 1185 363 flul
1221 311 1394 351 sfflsrtl'-
1434 283 1514 331 ΗΓ*
1550 271 1782 319 533‘53‘1*

422 436 648 498 missum
689 463 830 516 est,
890 474 952 518 m
984 465 1032 515 3¹.
1059 438 1223 511 emm!
1247 426 1452 489 tax-aleo
1473 415 1664 484 posita
1690 430 1805 468 non
1829 415 1924 483 sit,
1957 419 1968 473 Ι
1999 414 2201 485 quanti
2221 414 2363 468 uelit

428 515 860 592 ⁶⁰¹¹d⁶mnare
883 542 1093 607 potest·
1145 518 1253 575 52⁸.
1307 500 1457 558 Unde
1487 501 1654 604 q’uia,
1697 499 1852 596 quod
1882 501 2050 596 petit,
2082 505 2093 559 Ι
2125 496 2221 570 qui
2251 496 2362 552 for-

430 597 624 667 mulam
672 615 936 683 accipit,
980 601 1234 666 intendere
1272 584 1464 650 debet,
1532 598 1630 638 nec
1661 584 1916 654 amplzlus
1951 583 2132 638 iudex
2160 575 2364 655 quam²

437 692 576 753 certa
617 690 1091 744 condemmfiwe
1127 668 1553 740 constringitur,
1595 669 1701 724 sed
1726 682 1836 723 nee
1868 669 1878 735 Ι
1907 671 2109 723 iterum
2141 666 2367 722 eandem

438 769 736 857 formulam
794 769 1022 836 accipit,
1072 757 1168 827 qui
1207 755 1350 824 equ,
1408 759 1463 809 et
1505 755 1565 809 in
1609 753 2102 818 condemlnatione
2153 759 2368 808 certam

511 851 759 914 cuniam,
793 863 971 915 quam
981 842 1144 912 petit,
1168 852 1396 908 ponere
1417 837 1598 908 debet,
1633 852 1708 894 ne
1737 843 2138 912 consequatur
2165 839 2369 899 minius

441 945 591 1014 quam
625 921 812 981 uelit.³

555 1003 653 1066 63.
687 1006 743 1061 Si
776 1008 901 1076 quis
930 1005 1237 1062 intentione
1266 1005 1392 1080 plus
1421 1005 1722 1080 conplexus
1745 1005 1934 1077 suerit,
1965 1022 2152 1062 eausa
2177 1007 2368 1071 eadit}

438 1103 487 1167 id
516 1101 598 1150 est
627 1106 739 1146 rem
774 1088 973 1163 perdit,
1016 1106 1118 1146 nec
1148 1109 1179 1146 a
1208 1099 1463 1165 praetore
1492 1092 1548 1146 in
1580 1091 1857 1164 integrum
1886 1091 2235 1161 restituitur,
2279 1106 2369 1145 ex·

440 1181 606 1254 ceptis
648 1172 970 1248 quibusdam
1010 1174 1255 1244 casibu8‚
1300 1178 1356 1231 in
1395 1176 1596 1250 quibus
1635 1192 1827 1233 omnes
1867 1181 2102 1232 actores
2141 1183 2371 1247 praetor

441 1282 545 1331 „on
584 1250 819 1333 pamm-4
861 1259 945 1319 olb
989 1274 1243 1317 errorem
1273 1277 1439 1317 suum
1483 1262 1694 1317 damno
1725 1259 1927 1333 affiei3
1967 1277 2104 1315 nam
2135 1263 2367 1316 minori-

442 1359 541 1412 bus
577 1357 717 1402 xxv
748 1361 1035 1400 annorum
1077 1348 1325 1418 semlper
1364 1351 1427 1402 ut
1463 1348 1522 1402 in
1565 1348 1698 1402 aliis
1736 1349 1932 1401 causis
1980 1351 2036 1400 et
2084 1345 2182 1401 hie
2234 1360 2368 1400 suc-

440 1431 642 1493 currit.
702 1421 858 1484 53⁵5»
888 1429 1033 1486 Plus
1056 1437 1245 1486 autem
1274 1436 1552 1503 quattuor
1576 1437 1587 1491 1
1612 1429 1786 1486 modis
1814 1431 2042 1502 petitur,
2071 1422 2204 1500 're⁰‚
2241 1439 2368 1484 lem-

437 1529 590 1594 pore‚
629 1511 781 1584 locu,
822 1529 1001 1569 causa.
1058 1531 1140 1582 re,
1186 1514 1338 1570 uelut
1367 1519 1421 1571 si
1457 1518 1590 1588 quis
1615 1532 1734 1587 pro
1763 1529 1812 1571 Χ
1839 1522 1849 1576 Ι
1881 1512 2116 1584 milibus»,
2151 1530 2291 1587 quae
2321 1515 2368 1569 ei

437 1596 732 1663 debentur,
776 1615 861 1654 xx
907 1598 1049 1654 milia
1093 1600 1344 1671 penem,
1392 1606 1494 1656 aut
1540 1601 1585 1654 si
1619 1603 1701 1671 is,
1749 1603 1918 1656 euius
1950 1612 1959 1664 ι
1993 1615 2058 1655 ex
2088 1607 2250 1673 parte
2280 1615 2365 1654 res
2392 1611 2486 1664 [2831

435 1689 612 1754 esset,
657 1692 828 1739 totam
861 1698 975 1737 eam
1006 1690 1099 1739 aut
1129 1685 1330 1740 maiore
1361 1699 1425 1738 ex
1467 1694 1626 1757 parte
1655 1700 1822 1740 suam
1854 1687 1863 1750 Ι
1898 1700 2017 1739 esse
2051 1683 2367 1740 intenderit.

438 1776 713 1838 tempore,
739 1771 897 1824 uelut
918 1772 971 1824 si
987 1772 1046 1824 in
1070 1769 1217 1824 diem
1238 1771 1584 1840 stipulatus!
1611 1778 1737 1825 ante
1754 1771 1902 1825 diem
1918 1771 2176 1840 petierit.
2219 1771 2367 1839 loeo,

436 1854 595 1908 uelut
624 1857 677 1909 si
701 1855 776 1924 id,
808 1856 961 1925 quod
988 1859 1147 1909 certo
1174 1855 1304 1910 loeo
1335 1847 1345 1915 Ι
1378 1853 1497 1908 dari
1526 1855 1854 1927 promissum
1881 1861 1985 1917 est,
2017 1853 2074 1908 id
2105 1855 2222 1910 alio
2239 1855 2366 1920 loeo

586 1966 627 2037 1)
648 1971 738 2021 Em
763 1966 869 2029 Vn,
888 1970 1023 2019 unde
1038 1984 1170 2034 quae
1182 1976 1471 2035 sequuntur
1486 1972 1593 2021 alio
1611 1985 1765 2020 sensu
1782 1986 1932 2035 quam
1946 1976 2104 2020 antea
2116 1970 2364 2033 feceram,

437 2044 760 2092 restituenda
779 2048 947 2091 erant.
986 2040 1129 2091 Idem
1151 2044 1288 2091 valet
1310 2042 1374 2090 de
1397 2048 1506 2091 tota
1528 2043 1576 2103 5.
1592 2045 1690 2101 52⁸,
1711 2042 1800 2091 ubi
1813 2044 1968 2093 multo
1985 2044 2152 2105 plura
2170 2040 2363 2090 aSt.do

438 2116 573 2164 lecta
599 2121 733 2164 sunt.
791 2114 855 2163 In
884 2113 967 2161 llis
994 2114 1199 2162 litteras
1226 2128 1416 2173 omnes,
1445 2128 1578 2177 quae
1605 2116 1769 2163 lectae
1795 2120 1933 2172 sunt,
1961 2114 2132 2177 ipsas,
2163 2128 2254 2162 eae
2283 2111 2370 2161 ubi

437 2186 701 2249 deficiunt,
727 2187 951 2249 spatium
970 2191 1219 2234 accurate
1241 2185 1464 2242 servavi,
1489 2192 1769 2248 praeterea
1796 2186 1861 2234 de
1877 2200 2032 2234 sensu
2052 2191 2250 2233 tantum
2267 2185 2369 2234 sol-

438 2258 629 2307 licitus.
672 2257 903 2307 Ceterum
930 2257 1284 2319 exceptionem
1302 2255 1390 2304 Izie
1408 2256 1665 2305 dictorum
1685 2256 1788 2305 vid.
1810 2257 1866 2305 in
1887 2258 1935 2317 5.
1953 2268 2021 2307 68.
2127 2250 2172 2320 ²)
2203 2256 2262 2303 id
2278 2261 2371 2313 est,

439 2335 495 2378 ut
512 2344 683 2394 saepe,
713 2334 763 2378 et
786 2327 1147 2376 tantummodo,
1251 2322 1294 2392 ⁸)
1315 2325 1476 2377 Initio
1496 2342 1540 2375 v.
1564 2339 1588 2378 7
1618 2342 1707 2391 usq
1736 2327 1850 2376 uelit
1881 2323 1984 2375 W.
2031 2326 2178 2377 Unde
2201 2332 2371 2390 potest

438 2402 591 2449 etiam
604 2401 803 2463 fuisse:
823 2394 905 2446 ‘ut
923 2404 1270 2462 consequatur
1289 2412 1399 2447 eam
1419 2393 1690 2465 qualusque
1710 2395 1867 2447 uelit’.
1908 2397 2046 2447 Ante
2066 2398 2257 2461 accipia
2285 2392 2375 2445 W

435 2485 535 2535 pro
556 2471 749 2533 accipit.
787 2468 923 2519 Edd.
953 2468 1107 2517 etiam
1126 2468 1225 2517 Kr.
1246 2481 1288 2518 2.
1320 2475 1515 2518 tantum
1536 2468 1691 2518 verba
1720 2471 1854 2519 lecta
1881 2476 1932 2518 et
1959 2472 2013 2519 in
2036 2470 2144 2532 fine
2179 2465 2187 2537 1
2218 2483 2368 2532 usque

438 2541 556 2591 uelit
590 2540 791 2589 habent.
903 2534 947 2603 ⁴)
985 2537 1125 2598 Quae
1154 2541 1290 2589 lecta
1314 2546 1451 2599 sunt,
1479 2555 1548 2589 ex
1583 2539 1635 2588 V
1631 2536 1673 2572 Β*
1693 2542 1956 2603 praestiti,
1987 2543 2041 2590 in
2072 2555 2172 2604 quo
2202 2547 2369 2588 tamen

438 2620 593 2662 antea
607 2618 683 2660 est
697 2612 905 2672 integrm
926 2610 975 2658 Ῐι.
988 2612 1021 2658 l.
1032 2611 1284 2673 seriptum
1297 2611 1467 2673 fuisse
1485 2613 1647 2661 statui
1664 2613 1744 2675 qb.
1761 2626 1926 2661 omnes
1947 2614 2081 2661 acto?=
2099 2627 2174 2675 pr.
2193 2613 2227 2659 ἧ
2245 2611 2369 2675 pati-

440 2691 532 2733 tur.
562 2682 652 2731 Eoe
667 2681 850 2747 quibus
865 2697 977 2731 eum
992 2688 1263 2745 appareat,
1288 2680 1616 2746 sseophilum
1632 2684 1684 2731 in
1702 2682 1831 2733 Iust.
1849 2682 2017 2733 Instit.
2031 2684 2166 2732 duas
2182 2697 2372 2733 causas

440 2756 493 2804 in
524 2756 779 2819 integrum
797 2754 1143 2802 restitutionis
1163 2754 1372 2803 inverso
1391 2754 1577 2803 ordine
1595 2756 1854 2812 retulisse,
1883 2757 1937 2803 in
1963 2753 2085 2804 Gaii
2102 2753 2234 2803 Inst.
2248 2760 2369 2817 post

437 2826 567 2875 haec
595 2841 638 2876 v.
658 2836 724 2875 11.
745 2832 795 2874 et
812 2840 859 2874 υ.
881 2836 948 2874 12.
974 2825 1206 2887 priorem
1232 2825 1410 2887 spatii,
1439 2826 1732 2874 litterarum
1759 2827 2081 2890 reliquarum
2110 2832 2161 2875 et
2186 2838 2372 2874 sensus

438 2899 643 2946 ratione
678 2895 881 2953 habita,
919 2897 997 2945 sie
1032 2895 1177 2958 fere,
1218 2902 1273 2943 ut
1299 2911 1438 2945 nune
1460 2896 1596 2959 feei,
1633 2898 1841 2945 restitui
1868 2912 2025 2960 posse
2051 2896 2366 2946 eaeistimavi.

441 2965 485 3032 ⁶)
507 2967 679 3016 Etiam
700 2968 753 3015 in
773 2966 889 3025 liae,
910 2982 1060 3030 quam
1073 2967 1186 3029 feci
1204 2968 1271 3027 5„
1283 2968 1447 3029 plura
1462 2974 1513 3016 et
1527 2968 1758 3018 certiora
1778 2982 1936 3032 usque
1955 2968 2029 3017 ad
2038 2968 2193 3030 finem
2205 2982 2261 3030 p.
2276 2977 2369 3017 206.

439 3038 584 3087 dedit
611 3035 665 3086 V
660 3033 716 3097 ⁸¹²,
744 3052 842 3101 quo
865 3037 1064 3099 factum
1085 3043 1177 3095 est,
1206 3044 1261 3086 ut
1279 3040 1646 3101 supplementa,
1675 3054 1806 3103 quae
1830 3046 1986 3088 antea
2003 3053 2188 3088 sensus
2206 3051 2369 3087 eausa

440 3110 662 3161 maxime
705 3107 832 3157 Iust.
873 3107 1258 3158 Institutionum
1299 3123 1395 3172 ope
1441 3110 1868 3172 informaveram,
1907 3112 2073 3174 paulo
2119 3108 2369 3158 mutanda

438 3186 619 3230 essent.
663 3178 846 3239 Quoad
872 3178 1027 3228 verba
1055 3180 1277 3228 maxime
1306 3181 1499 3229 incerti
1523 3188 1645 3231 sunt
1669 3197 1712 3232 v.
1741 3192 1793 3233 83
1820 3188 1871 3231 et
1897 3193 1966 3233 24.
2070 3177 2113 3247 Β)
2143 3194 2224 3229 res
2263 3173 2366 3229 W.

582 3283 631 3356 5.
661 3287 744 3337 53.
788 3285 866 3349 Cf.
895 3287 975 3347 55.
1005 3296 1070 3336 56.
1098 3297 1167 3337 68.
1198 3298 1290 3337 131.
1329 3288 1374 3349 5.
1405 3298 1472 3337 ss.
1521 3286 1566 3338 Ι.
1596 3288 1661 3336 de
1688 3294 1788 3337 aet.
1820 3286 1891 3353 (4,
1920 3284 1984 3353 6).
2034 3287 2188 3336 Paul.
2219 3298 2268 3348 1,
2298 3296 2365 3335 1ο.

438 3361 486 3421 5.
517 3370 556 3409 1.
600 3358 823 3408 Consult.
850 3367 892 3417 5,
911 3369 952 3408 4.
992 3357 1056 3405 L.
1078 3370 1101 3407 1
1124 3358 1215 3420 fin.
1253 3356 1316 3407 D.
1347 3358 1553 3421 quando
1582 3359 1695 3407 dies
1723 3359 1918 3421 ususfr.
1941 3358 2004 3421 (7,
2022 3358 2088 3423 3).
2131 3357 2220 3407 Fr.
2252 3357 2367 3407 Vat.

436 3441 505 3482 52.
536 3442 603 3482 53.
646 3429 819 3478 Plaut.
851 3428 1005 3479 Most.
1034 3440 1077 3490 3,
1109 3442 1146 3480 1.
1177 3444 1223 3477 υ.
1256 3440 1350 3478 141.
1394 3429 1496 3481 Cic.
1519 3430 1584 3478 de
1604 3431 1704 3480 inv.
1726 3440 1770 3492 2,
1791 3441 1857 3480 19.
1895 3431 1944 3492 5.
1964 3440 2033 3482 5‘1.
2073 3430 2138 3479 de
2166 3435 2302 3478 orat.
2324 3440 2365 3490 1,

438 3512 508 3552 36.
537 3503 615 3562 55.
637 3512 715 3551 166
734 3515 837 3563 seq.
868 3506 999 3549 orat.
1021 3506 1161 3562 part.
1180 3510 1249 3550 28.
1270 3501 1316 3560 5.
1339 3511 1406 3550 99.
1436 3514 1541 3563 pro
1567 3500 1720 3550 Rose.
1755 3500 1886 3551 Com.
1907 3513 1950 3551 4.
1979 3503 2026 3563 5.
2048 3511 2116 3551 11.
2154 3498 2363 3549 Sueton.

446 3570 623 3620 Claud.
650 3583 718 3621 14.
765 3570 976 3631 Quintil.
1006 3570 1051 3619 I.
1088 3569 1143 3619 0.
1174 3580 1216 3633 8,
1244 3582 1287 3621 6.
1328 3572 1375 3633 5.
1403 3582 1472 3622 69.
1513 3570 1693 3621 Senee.
1723 3585 1806 3633 ep.
1834 3584 1904 3625 48.
1933 3575 1980 3635 5.
2012 3584 2080 3623 10.
2123 3570 2256 3629 Fest.
2287 3586 2367 3633 ep.

440 3656 485 3690 v.
516 3640 655 3689 Litis
678 3657 731 3704 p.
764 3653 855 3691 116.
