2550 4000
393 194 613 248 ammonicii.
635 200 800 249 tot—166³
877 189 880 194 ’
996 195 1062 259 259

107 344 291 417 necessarius,
304 359 359 399 non
374 345 454 398 etiam
468 359 534 398 suus
550 343 627 398 heres
643 344 694 412 sit,
709 350 843 416 tamqnam
858 360 964 400 seruus.
1000 341 1062 404 161.

107 425 207 494 Ceteri,
230 428 276 498 qui
293 429 430 484 testatoris
444 428 497 483 iuri
519 425 632 483 subiecti
649 442 704 482 non
718 434 798 496 snut,
814 430 933 484 extranei
946 428 1062 485 heredes

106 509 292 584 appellantur:
305 512 396 584 itaque
407 511 483 568 liberi
496 527 604 584 quoque
616 512 711 579 nostri,
725 511 810 584 quiin
823 521 958 584 potestate
970 522 1062 569 nostra

108 610 165 651 non
180 602 256 666 sunt,
278 594 392 650 heredes
409 613 423 650 a
440 594 517 651 nobis
535 595 652 651 instituti
668 587 765 665 'sicuti
782 597 901 652 extranei
918 596 1062 665 bidentum

108 695 162 750 qua
188 678 222 734 de
245 695 325 735 causa
346 689 373 735 et
394 681 440 752 qui
466 685 585 734 amatre
611 678 725 735 heredes
750 679 945 752 instituuntur,
968 680 1062 736 eodem

27 770 94 818 [182]
107 778 223 818 nurnero
244 772 323 834 sunt,
343 765 405 836 qnia
425 762 537 818 feminae
558 762 659 819 liberos
679 765 706 818 in
726 771 863 836 potestate
878 779 934 819 uon
954 763 1062 820 habent.

106 847 183 902 serui
199 863 319 919 quoqne,
330 849 377 920 qui
388 863 448 903 cunr
460 846 589 903 libertate
601 847 715 902 heredes
726 848 843 902 instituti
854 855 920 902 sunt
931 855 958 902 et
967 857 1063 921 postea

107 947 123 986 a
139 930 248 987 domino
265 933 429 997 manumissi,
440 931 534 987 eodem
545 947 658 987 numero
670 931 812 987 habentur.
842 928 907 989 162.
924 930 1062 988 Extraneis

108 1023 199 1070 autern
215 1014 358 1071 heredibus
369 1015 533 1072 deliberandi
547 1024 669 1087 potestas
680 1015 742 1071 data
753 1023 795 1070 est
806 1015 840 1070 de
852 1014 973 1071 adeunda
985 1016 1063 1072 here·

107 1098 194 1154 ditate
215 1098 257 1153 uei
279 1115 334 1155 non
354 1096 487 1156 adeunda.
541 1095 603 1157 163.
634 1099 688 1154 Sed
706 1101 765 1154 siue
787 1101 826 1168 is,
847 1101 890 1156 cui
911 1099 1062 1156 abstinendi

107 1190 232 1256 potestas
248 1190 301 1254 est,
317 1183 487 1239 inmiscuerit
503 1199 532 1238 se
548 1183 625 1238 bouis
642 1182 826 1252 hereditariis,
841 1184 900 1238 sine
914 1185 953 1254 is,
970 1185 1015 1239 cui
1028 1182 1063 1239 de

107 1265 232 1322 adeunda
259 1263 438 1338 (hereditate)
459 1266 606 1323 deliberare
626 1267 703 1335 licet,
730 1265 840 1337 adierit,
866 1275 962 1339 postea
982 1267 1064 1324 relin-

108 1349 235 1422 quendae
255 1350 410 1406 hereditatis
434 1351 588 1408 facultatem
610 1349 781 1419 nonhabet,
803 1351 897 1406 nisisi
919 1352 1007 1406 minor
1028 1352 1064 1407 sit

108 1448 243 1488 annorum
258 1452 332 1492 xxv:
354 1451 415 1490 nam
431 1435 511 1491 huius
531 1436 626 1490 aetatis
643 1433 811 1504 hominibus,
832 1437 903 1490 sient
923 1436 951 1490 in
966 1435 1062 1490 ceteris

107 1515 234 1573 omnibus
250 1521 337 1574 causis
353 1518 490 1591 deceptis,
506 1519 542 1573 ita
558 1520 637 1574 etiam
653 1519 676 1573 si
693 1527 792 1574 temere
812 1517 968 1574 damnosam
983 1519 1062 1574 here·

107 1601 221 1656 ditarem
240 1605 423 1675 susceperint,
445 1611 554 1676 praetor
574 1605 716 1658 succurrit.
751 1602 809 1658 scio
826 1602 949 1675 quidem,
971 1602 1064 1658 diuum

108 1684 273 1741 Hadrianum
291 1688 369 1742 etiam
385 1688 478 1742 maiori
493 1702 554 1744 xxv
576 1701 708 1742 annorum
731 1687 837 1741 ueniam
857 1686 981 1758 dedisse,
1003 1702 1064 1742 curn

107 1777 173 1842 post
198 1770 294 1825 aditam
320 1770 494 1827 hereditatem
516 1770 618 1844 grande
642 1787 692 1825 aes
717 1770 851 1841 alienum,
878 1770 952 1844 quod
978 1768 1064 1825 aditae

108 1854 267 1910 hereditatis
283 1863 405 1928 tempore
421 1853 530 1925 latebat,
546 1856 723 1928 apparuisset.
743 1846 749 1930 Ι

175 1933 240 1996 164.
262 1935 399 1995 Extraneis
415 1937 558 1994 heredibus
574 1939 646 1994 solet
659 1940 744 1994 cretio
761 1938 826 2010 dari,
844 1937 927 1994 idest
941 1935 1001 1993 iinis
1017 1936 1061 1994 de·
1073 1953 1116 2003 96,

107 2022 253 2092 liberandi,
269 2034 299 2080 ut
316 2024 385 2079 intra
401 2032 505 2080 certum
523 2033 628 2096 tempus
645 2024 689 2078 uei
704 2022 801 2077 adeant
816 2022 1003 2093 hereditatem,
1019 2022 1065 2078 uel

107 2108 130 2161 si
148 2123 204 2163 non
220 2107 327 2176 adeunt,
343 2110 473 2180 temporis
487 2105 539 2162 fine
551 2115 788 2161 summoueantur:
804 2105 865 2161 ideo
877 2115 968 2162 autem
980 2107 1064 2161 cretio

108 2191 244 2264 appellata
260 2200 313 2262 est,
328 2192 391 2265 quia
406 2206 519 2246 cernere
534 2200 576 2247 est
591 2192 668 2264 quasi
683 2189 830 2246 decernere
845 2199 873 2245 et
887 2190 1064 2245 constituere.

108 2272 176 2332 166.
200 2276 265 2332 Cum
285 2292 352 2350 ergo
367 2276 404 2331 ita
419 2276 550 2346 scripturn
571 2276 621 2330 sit:
641 2288 745 2331 nunno
765 2287 986 2342 bretenniaco,
1010 2272 1066 2329 adi·

108 2376 172 2415 cere
187 2358 327 2415 debemus:
351 2374 549 2423 cunurroovn
571 2374 604 2417 m
623 2374 748 2415 cnurvnr
769 2374 881 2415 nimus
903 2371 1065 2427 enormis,

110 2459 226 2509 uvrnus
249 2458 337 2503 acuns
359 2457 565 2508 rornnrsovn.
610 2458 728 2508 ovonur
750 2458 805 2500 run
827 2456 990 2512 cenninus,
1011 2458 1065 2498 nx·

108 2544 212 2585 nunus
233 2543 324 2587 noro.
369 2523 433 2587 166.
456 2526 487 2583 Et
502 2529 546 2601 qui
562 2526 603 2583 ita
625 2528 703 2583 heres
718 2529 860 2583 institutus
875 2534 929 2594 est,
954 2529 977 2582 si
1001 2526 1066 2582 uelit

109 2612 192 2667 heres
207 2628 283 2678 esse,
306 2612 416 2669 debebit
431 2613 500 2667 intra
515 2611 585 2667 diem
599 2613 728 2667 cretionis
748 2627 873 2677 cernere,
895 2610 921 2665 id
943 2619 986 2666 est
1000 2611 1068 2666 haec

110 2695 195 2751 uerba
210 2696 313 2753 dicere:
337 2711 421 2761 oron
436 2712 479 2752 nn
500 2710 632 2753 evnnnvs
648 2709 766 2753 nnrrvs
783 2709 991 2751 rnsrnunnro
1008 2708 1066 2751 svo

109 2796 261 2837 unnnnuu
276 2795 447 2851 murmuro,
462 2796 526 2836 unu
541 2793 768 2835 nnnnnrrnrcn
786 2792 870 2834 nouo
887 2791 1065 2845 onnuoovn3

186 2947 206 3014 ¹)
224 2949 254 2999 Ut
267 2950 393 3014 plectente
408 2948 557 2999 Momm-reni
570 2948 726 2997 auctoritate
739 2946 824 2996 omisit
837 2945 877 2994 ed.
891 2943 964 2994 stud.

183 3121 209 3193 ξ.
226 3128 285 3177 161.
301 3146 334 3167 =
348 3127 372 3187 ξ.
387 3137 408 3175 c.
432 3121 673 3189 1111511115).
699 3122 737 3184 Of.
757 3121 813 3185 Ulp.
827 3133 862 3184 11,
876 3132 909 3173 nn.
924 3133 958 3178 15,
973 3133 993 3171 t.
1013 3122 1068 3185 qnia

113 3194 223 3261 ieminae]
240 3197 279 3259 Cf.
294 3210 314 3255 1,
329 3208 376 3247 101.
400 3195 455 3259 Uip.
471 3207 504 3253 nt,
520 3207 539 3247 7.
559 3195 622 3243 serui
638 3189 745 3260 qnoque]
762 3193 800 3256 Cf.
811 3204 832 3250 1,
843 3204 888 3244 tte.
943 3187 987 3260 ἓξ.
1008 3194 1066 3243 162.

116 3271 173 3318 153.
190 3289 223 3309 =
238 3269 261 3329 ξ.
276 3277 297 3318 5.
317 3266 338 3315 J.
355 3268 451 3315 115511.
473 3266 511 3329 Cf.
527 3266 603 3314 Paul.
618 3276 640 3323 a,
653 3260 690 3314 eb.
706 3266 729 3326 ξ.
745 3276 778 3313 11.
829 3260 854 3331 ς.
871 3266 931 3314 151.
952 3263 991 3325 Of.
1011 3262 1066 3325 tJtp.

113 3349 148 3400 en,
162 3349 195 3388 m.
220 3338 307 3387 Varro
321 3338 353 3386 de
368 3337 399 3387 L.
416 3336 447 3385 L.
463 3348 483 3394 t,
498 3347 517 3387 5.
533 3338 556 3399 5.
572 3347 605 3387 as.
629 3336 726 3385 Isidor.
744 3332 815 3398 Orip.
831 3345 852 3392 5,
866 3347 899 3384 m.
919 3335 959 3395 ξς.
976 3342 1001 3383 15
1015 3347 1066 3395 seq.

113 3405 139 3476 ξ.
157 3411 214 3460 165.
236 3408 374 3471 016111.
403 3407 456 3471 UIp.
473 3409 488 3455 1.
505 3423 526 3456 o.
548 3406 634 3456 Varro
654 3407 686 3455 de
701 3405 731 3454 L.
747 3405 779 3454 h.
794 3416 815 3461 o,
829 3416 849 3455 a.
870 3406 893 3466 ἓ.
908 3416 943 3454 81.
964 3403 1016 3452 Cic.
1035 3404 1068 3451 de

114 3487 180 3529 orat.
196 3481 303 3541 11115.
320 3490 364 3529 ror.
451 3473 476 3546 ξ,
494 3480 552 3528 166.
579 3478 616 3540 Cf.
636 3476 691 3540 lltp.
707 3487 741 3533 22,
756 3485 789 3527 15.
804 3486 838 3526 ra.
853 3486 886 3525 aa.
908 3474 975 3523 Fert.
990 3489 1028 3536 ep.
1044 3490 1067 3521 υ.

116 3550 191 3601 Creot‘
200 3566 228 3614 p.
243 3561 277 3602 51.
299 3550 409 3600 conrad.
425 3561 446 3607 5,
462 3560 494 3599 tn.
513 3550 536 3607 ᾖ.
547 3560 567 3598 t.
585 3548 605 3596 Ι.
621 3549 653 3597 de
666 3548 721 3596 der.
737 3549 804 3611 qual.
820 3544 906 3611 (119).

822 3626 875 3686 11*
