2550 4000
404 232 588 270 ou111ssr1r.
608 217 629 270 I.
649 221 758 273 56-59.
1008 219 1068 283 187

99 393 152 434 nus
167 377 266 447 eriicto,
284 375 357 449 qnod
376 378 522 450 proposuit
536 376 570 432 de
585 377 639 448 bis,
662 378 709 449 qui
728 374 779 432 sibi
799 375 946 450 liberisque
962 379 1019 434 suis
1035 376 1068 432 ab

98 478 131 517 eo
146 463 284 517 ciuitatem
302 460 448 516 Romanam
463 460 610 534 petebant,
632 459 805 534 significauit.
844 460 913 517 ‘nec
926 478 970 518 me
990 478 1068 535 prae·

99 544 184 611 terit',
206 549 256 616 ait,
280 544 446 600 ‘Galatarum
465 553 574 618 gentem
590 545 713 617 credere,
727 546 755 600 in
771 554 908 618 potestate
923 556 1067 619 parentum

97 629 197 687 liberos
224 624 323 686 esse'.¹
381 623 431 686 56.
460 629 569 686 'Instar
603 637 701 686 autem
732 632 853 700 nuptias
881 635 1068 688 contraaisse

29 717 262 789 mutaturusque
278 718 314 771 iia
326 720 501 786 procreatos
514 718 544 770 in
557 719 703 784 potestate
722 715 833 788 babere
848 719 929 771 ciues
942 715 1070 773 Romani

96 804 137 856 ita
152 793 385 872 intellepuntur,²
401 800 424 854 st
436 799 509 854 ciues
520 797 654 854 Romanas
667 814 767 854 uxores
778 799 916 870 duxerint,
927 800 972 856 nei
985 802 1066 856 etiam

96 883 204 941 Latinas
224 885 433 958 peregrinasue,
460 899 521 938 cum
548 883 649 956 quibus
677 883 826 942 conubium
848 883 979 939 babeant:
1004 901 1067 940 cnm

98 971 170 1025 enim
185 967 331 1025 conubium
346 968 372 1024 id
385 965 495 1039 efficiat,
512 976 543 1023 ut
558 967 636 1024 liberi
652 969 736 1041 patris
748 967 936 1024 condicionem
950 985 1067 1042 sequan-

98 1061 153 1123 tur,
169 1054 272 1124 euenit,
288 1061 319 1107 nt
333 1069 389 1108 non
403 1048 521 1129 (satum)
531 1054 605 1108 ciues
617 1053 729 1109 Romani
742 1051 808 1108 iiant
823 1062 865 1108 set
880 1046 933 1128 (et)
945 1054 973 1109 in
988 1062 1066 1126 pote·

96 1146 166 1194 state
190 1137 274 1211 patris
297 1137 360 1193 sint.
398 1132 442 1195 57.
464 1137 538 1193 Unde
561 1144 589 1193 et
611 1137 748 1194 ueteranis
770 1135 930 1210 quibusdam
953 1138 1066 1194 concedi

44 1248 46 1253 ·
97 1223 169 1278 solet
184 1220 378 1295 principalibus
394 1221 637 1278 constitutionibus
660 1220 807 1278 conubium
821 1237 883 1278 cum
906 1222 948 1278 bis
963 1221 1066 1279 Latinis

96 1308 296 1379 peregrinisue,
318 1321 384 1378 quas
400 1307 500 1380 primas
514 1315 577 1379 post
593 1307 750 1362 missionem
765 1322 865 1361 uxores
880 1305 1022 1375 duxerint3
1037 1316 1066 1363 ct

96 1392 144 1464 qui
163 1407 196 1446 cn
211 1406 244 1445 eo
261 1391 429 1446 matrimonio
445 1399 603 1456 nascuntur,
624 1400 653 1445 et
668 1393 742 1446 ciues
757 1390 869 1446 Romani
888 1398 916 1445 et
937 1391 964 1446 in
986 1400 1064 1464 pote·

95 1483 193 1530 statem
209 1484 351 1547 parentum
368 1471 445 1530 fiunt.
483 1470 544 1532 57³.
568 1474 647 1531 ’Cum
662 1475 816 1533 seruilibus
838 1491 910 1530 uero
930 1479 1065 1546 personis

93 1575 131 1614 ne
152 1562 274 1630 nuptiae
289 1560 403 1632 quidem
419 1567 494 1616 aunt.
531 1555 580 1616 68.
604 1559 664 1616 Sed
675 1575 732 1615 nec
745 1561 856 1617 liberas
870 1575 969 1616 amnes
982 1562 1065 1618 nobis

94 1659 205 1701 uxores
231 1645 341 1700 ducere
361 1636 467 1700 licete³
489 1660 549 1700 nam
573 1661 587 1700 a
610 1643 780 1717 quarundam
802 1645 905 1716 nuptiis
927 1645 1064 1701 abstinere

93 1728 234 1784 debemus.
270 1725 322 1788 59.
344 1728 421 1785 iuter
434 1745 480 1784 cas
501 1730 571 1784 enim
593 1745 738 1802 personas,
754 1745 823 1802 quae
838 1738 982 1802 pareutum
995 1729 1063 1786 iibe-

92 1829 223 1869 rorumue
245 1813 335 1869 locum
357 1815 429 1869 inter
443 1829 474 1868 se
489 1814 624 1886 optinent,
648 1814 759 1886 nuptiae
781 1813 906 1870 contrahi
921 1829 977 1868 non
998 1830 1062 1887 pos·

92 1891 185 1968 sunt,4
199 1913 249 1953 nec
263 1899 335 1953 inter
351 1914 395 1953 eas
411 1897 558 1954 conubium
570 1907 622 1968 est,
640 1898 717 1954 ueiut
731 1900 804 1954 iuter
819 1907 923 1972 patrem
937 1902 966 1954 et
980 1897 1061 1954 filiam

92 1982 138 2038 nei
159 1983 231 2039 inter
252 1990 365 2039 matrem
388 1991 416 2039 et
437 1981 522 2039 filium
545 1981 589 2039 uel
611 1985 684 2039 inter
704 1999 786 2039 auum
800 1990 829 2039 et
848 1991 974 2055 neptem
995 1990 1023 2041 et
1038 1984 1061 2039 ai

93 2067 162 2123 tales
175 2083 309 2141 personae
328 2069 400 2123 inter
420 2083 450 2123 se
471 2068 597 2131 coierint,
620 2067 735 2123 nefarias
752 2066 756 2146 Ι
773 2076 802 2123 et
817 2070 935 2125 incestas
949 2070 1059 2142 nuptias
1074 2073 1113 2121 16.

168 2233 188 2301 ¹)
206 2236 266 2286 Cum
280 2238 307 2285 in
323 2235 393 2303 G(et
411 2232 466 2303 Vnt)
479 2239 515 2286 cit
528 2236 586 2285 dirui
596 2236 709 2285 Hadriani
723 2244 748 2286 et
760 2239 941 2301 superscripta
955 2254 969 2287 c
982 2253 1063 2301 super

91 2310 207 2357 ultimam
225 2309 339 2357 litteram
358 2324 380 2357 a.
396 2308 551 2370 significauit,
571 2308 768 2357 iliudretinene
782 2308 967 2359 Patauinum:
985 2310 1062 2371 signi-

92 2380 182 2428 ficatur
196 2381 250 2427 sic:
265 2394 327 2441 „nec
342 2393 379 2427 me
396 2380 520 2443 praeterit,
537 2377 813 2441 Galatarum....essc“.
845 2381 893 2429 ced
910 2397 966 2430 cum
984 2382 1061 2430 etiam

87 2457 149 2515 post
169 2450 286 2513 praeterit
305 2451 394 2499 littera
414 2466 458 2499 aa
477 2448 588 2499 librario
599 2451 689 2513 posita
702 2452 745 2512 sit,
766 2466 827 2501 mox
841 2454 906 2500 male
920 2459 1060 2515 expuncta,

92 2538 149 2571 cum
159 2523 249 2584 potius
263 2522 282 2569 it
291 2528 353 2584 post
366 2537 421 2570 eam
436 2521 601 2584 repetendum
615 2516 804 2580 easet,'malim.·
822 2522 975 2583 significauit.
1005 2520 1061 2571 ‘nec

91 2607 130 2641 me
139 2589 277 2657 praeterit’‚
292 2593 326 2640 ait
341 2589 501 2641 ‘Galatarum’
518 2600 565 2641 etc.
590 2608 656 2656 quae
669 2593 771 2657 quidem
779 2601 915 2642 corrector
923 2608 1062 2657 mnam

91 2666 184 2713 nacula
194 2662 272 2729 c(uui)
281 2664 374 2713 addita
384 2680 440 2713 cum
450 2663 595 2725 significauit
605 2665 764 2728 coniunpere
773 2665 863 2721 volun,
874 2680 961 2713 ueram
971 2664 1060 2722 labem,

90 2750 157 2799 quae
167 2741 225 2783 erut
239 2736 266 2783 in
277 2733 341 2801 a(it)‚
355 2737 446 2785 tollere
460 2734 562 2785 oblitus.
601 2730 623 2800 ²)
640 2734 761 2783 Restitui.
779 2733 839 2797 Ipse
851 2734 978 2785 librarius
988 2738 1061 2785 lacu·

90 2822 150 2855 nam
164 2806 268 2854 uidetur
277 2806 439 2870 sipuificasae
449 2806 514 2856 duca
524 2820 614 2855 uersus
623 2820 720 2855 uacuos
729 2807 885 2869 relinquens.
925 2800 946 2870 ⁸)
958 2805 1061 2855 Rursus

89 2878 200 2926 duarum
214 2891 333 2926 uersuum
347 2878 467 2927 lacunam
477 2893 493 2926 a
503 2876 615 2926 librario
629 2878 756 2934 relictam,
772 2884 800 2926 nt
812 2877 964 2925 sententiam
977 2878 1060 2942 sipni·

85 2949 208 3011 ficarem,
222 2949 328 3011 replevi.
356 2947 389 2997 In
403 2948 444 2997 itia
461 2947 543 2997 Gaius
557 2949 645 3012 primo
664 2949 721 2997 loco
736 2949 870 2997 seruitium
885 2963 1059 3011 personarum

88 3020 240 3069 mentionem
254 3034 305 3069 non
320 3018 415 3069 babere
425 3034 476 3069 non
486 3020 581 3083 potuit.
608 3019 647 3082 Of.
654 3027 763 3082 praeter
777 3021 816 3081 §5-
827 3031 847 3069 1.
859 3032 892 3071 to.
911 3019 977 3069 Lae
986 3026 1058 3082 nupt.

89 3086 123 3153 (1,
138 3090 174 3152 10)
197 3090 252 3153 mp.
267 3100 289 3149 ὁ,
303 3102 325 3141 4.
340 3102 370 3147 5.,
385 3093 461 3141 cuius
475 3092 630 3140 auctoritati
643 3093 706 3153 plue
724 3089 888 3140 tribuendum
901 3092 964 3154 fuit,
983 3106 1058 3155 quum

88 3159 155 3225 Bpii
168 3162 195 3209 in
209 3161 249 3210 ed.
265 3171 295 3224 5.,
310 3164 397 3211 aliena
411 3162 475 3211 baec
485 3177 502 3211 a
514 3160 617 3210 Gaiana
628 3164 838 3212 commentatione
849 3163 1057 3212 eaaeatatuentt'a.

90 3232 156 3282 Post
169 3234 281 3298 spatium
297 3229 446 3283 ‘Sciendum
460 3240 544 3281 autem
559 3240 663 3283 estnon
677 3248 762 3283 omnes
772 3232 846 3283 nabis
855 3234 1057 3283 uacareeducere

88 3300 182 3353 licere’
198 3304 237 3353 ed.
252 3302 300 3368 Bp.
357 3300 378 3368 ⁴)
393 3303 536 3353 Emciderit
548 3304 574 3353 Ιι.
587 3307 604 3353 l.
620 3304 683 3368 quia.

160 3452 186 3524 ξ.
203 3456 245 3505 56.
266 3455 305 3518 Cf.
325 3453 380 3517 Uip.
396 3466 417 3512 5,
432 3464 444 3505 8
458 3470 511 3519 seq.
605 3457 670 3505 .5t.
691 3454 730 3516 Of.
745 3454 847 3504 tabulas
860 3453 983 3502 honestae
997 3453 1056 3501 mia·

86 3527 184 3585 aionis,
203 3542 269 3591 quae
287 3526 373 3575 adbuc
392 3533 504 3576 exstant.
601 3522 628 3594 ξ.
648 3526 690 3576 58.
710 3527 743 3575 te
759 3546 793 3567 ==
807 3526 831 3585 ξ.
851 3535 871 3573 t.
892 3522 913 3571 I.
933 3523 965 3572 de
983 3530 1055 3587 nupt.

85 3595 118 3664 (1,
134 3596 179 3663 ro).
206 3597 245 3659 Cf.
264 3596 320 3662 Uip.
335 3607 356 3655 t,
371 3610 391 3650 c.
417 3597 493 3646 Paut.
509 3610 530 3655 a,
546 3609 580 3649 19.
599 3599 622 3657 ς.
638 3608 660 3647 a.
681 3596 770 3645 Cattae.
786 3607 807 3657 a,
821 3606 842 3645 a.
862 3596 885 3655 §-
901 3606 922 3644 1.
