2550 4000
383 228 444 264 om
461 230 558 266 nasum.
576 211 624 266 IV.
644 218 786 270 103-106.
1005 218 1066 282 381
1246 227 1256 254 ⁸

164 365 232 428 103.
263 369 355 427 Omnia
377 378 468 428 autem
494 371 591 429 iudicia
614 383 660 429 eut
687 374 809 448 legitimo
832 375 891 431 iure
914 377 1069 434 consistunt

100 464 148 512 aut
170 457 284 531 imperio
307 457 493 515 contineatur.
531 453 601 515 104.
626 456 759 534 Legitima
781 467 846 516 sunt
868 459 976 530 iudicio,
1000 478 1069 534 quoe

25 542 129 596 {2⁹81in
144 539 214 597 urbe
228 540 312 596 Romo
334 540 377 596 uel
398 543 469 597 intra
490 544 606 616 primum
629 543 705 599 urbis
721 545 821 601 Romae
838 544 980 601 miliarium
995 547 1069 603 inter

100 641 197 682 omncs
218 627 293 682 ciues
313 625 450 681 Romanos
471 625 522 683 sub
543 643 598 683 uno
623 627 712 684 iudice
736 631 922 704 accipiuntur3
945 647 1031 703 eaque
1053 647 1068 688 e

99 709 165 784 lege
185 709 252 765 lolio
270 709 428 782 iudiciaria,
453 713 506 767 nisi
527 712 555 766 io
578 729 649 769 anno
672 722 699 769 et
722 729 770 770 sex
792 713 930 771 mensibus
952 715 1068 772 iudicata

99 793 215 869 fuerint,
230 795 368 869 expirant:
392 796 556 868 81168881,
572 796 646 871 quod
663 797 747 871 uulgo
769 799 877 870 dicitur,
895 800 987 873 elego
1003 799 1068 855 iulio

98 877 177 934 litem
200 895 270 936 enno
294 886 322 936 et
344 896 391 936 sex
414 879 552 940 mensibus
575 883 652 940 mori.
695 878 762 941 106.
786 883 902 958 Imperio
922 901 1068 941 116168811-

100 965 225 1020 timentur
252 967 456 1038 recuperatorio
483 974 511 1022 et
541 982 609 1040 quae
631 965 683 1022 sub
706 985 760 1024 uno
786 968 875 1026 iudice
898 971 1069 1044 accipiuntur

99 1049 302 1105 interueniente
331 1051 469 1125 peregrini
496 1067 614 1125 persone
642 1051 738 1108 iudicis
768 1061 815 1109 aut
847 1053 1009 1128 litigatoris;
1041 1057 1069 1110 in

98 1126 225 1190 ’eadem¹
245 1150 324 1190 causa
339 1143 420 1206 sunt,
436 1151 622 1210 quoecumque
643 1145 719 1192 extra
740 1139 857 1211 primum
879 1138 953 1194 urhis
969 1138 1069 1195 Romae

98 1217 244 1274 miliarium
270 1226 326 1274 tam
353 1220 425 1275 inter
446 1221 521 1277 ciues
543 1219 680 1279 Romanos
708 1238 788 1296 quom
815 1223 886 1279 inter
908 1225 1068 1298 peregrinos

100 1304 285 1376 accipiuntur:
313 1303 376 1359 ideo
399 1312 488 1362 autom
511 1307 625 1379 imperio
648 1307 782 1363 contineri
809 1307 906 1365 iudicia
929 1307 1068 1380 dicuntur,

100 1389 167 1460 quia
182 1386 285 1444 tamdiu
300 1387 409 1459 ualent,
432 1389 560 1464 quamdiu
583 1393 617 1462 is,
641 1393 687 1465 qui
703 1407 733 1446 eo
753 1393 901 1466 proecepit,
925 1393 1069 1467 imperium

99 1471 221 1530 habebit.
263 1468 333 1532 100.
355 1472 389 1529 Et
411 1474 544 1548 siquidem
565 1477 680 1549 imperio
704 1478 854 1532 continenti
876 1476 975 1534 iudicio
998 1475 1070 1553 'per-

100 1551 214 1613 actum²
229 1557 327 1630 fuerit,
342 1560 401 1615 siue
416 1560 444 1614 in
459 1577 516 1617 cem
531 1561 591 1617 siue
606 1562 634 1617 in
650 1576 804 1634 personam,
820 1563 879 1618 siue
895 1578 925 1618 ee
941 1561 1068 1634 formula,

178 1727 258 1795 ¹)an
279 1729 371 1781 aesca.
390 1731 429 1780 ed.
448 1744 476 1779 eo
498 1729 522 1780 0.
541 1731 581 1780 ed.
599 1730 648 1796 Bp.
727 1727 749 1795 ²)
767 1730 813 1781 Sic
834 1731 859 1782 0.
879 1747 930 1794 per
949 1739 1068 1797 notump

100 1799 226 1867 (proprie
240 1823 275 1844 --
289 1800 344 1868 pro)
363 1816 393 1852 eo
407 1817 484 1852 censu
499 1816 549 1866 quo
563 1802 664 1851 dicitur
675 1817 804 1868 peraperte
818 1802 850 1851 L.
864 1813 899 1853 81.
914 1804 938 1864 §-
948 1813 969 1854 9.
990 1804 1022 1852 D.
1037 1805 1069 1853 de

100 1874 216 1936 receptis
229 1870 261 1940 (4,
271 1871 293 1937 8)
298 1890 310 1930 ,·
323 1888 371 1923 neo
385 1881 485 1922 mutare
497 1875 588 1933 auoim
603 1874 664 1923 licet
678 1872 752 1923 dubii
765 1874 868 1938 aliquid
880 1877 986 1933 moveat,
1001 1875 1072 1938 quod

99 1942 244 1994 subtectum
258 1945 344 2003 deeet;
362 1960 422 1994 nam
440 1947 465 1993 ei
477 1951 553 1995 actor
566 1961 618 1995 non
633 1944 791 2011 perapebat,
810 1945 857 1994 ced
870 1959 975 1994 caueam
988 1947 1069 1995 retin-

100 2015 204 2081 quebat,
219 2022 246 2065 ut
260 2017 386 2066 iudicium
396 2018 472 2079 finito
487 2018 595 2081 imperio
609 2018 678 2078 etue,
693 2018 738 2081 qui
752 2018 781 2065 id
790 2024 977 2081 praeceperat,
988 2020 1069 2081 plane

99 2089 255 2147 solueretur,
270 2103 351 2153 neque
364 2089 407 2137 rei
420 2088 553 2138 iudicatae
563 2104 645 2152 neque
654 2090 695 2138 rei
704 2090 732 2137 iu
747 2088 872 2137 iudicium
883 2088 1008 2137 deductae
1023 2104 1069 2138 ex·

100 2160 188 2223 ceptio
206 2160 299 2209 iterum
317 2160 406 2225 apentt'
424 2158 542 2209 obstabat
560 2158 625 2226 (Cic.
642 2175 692 2223 pro
713 2158 808 2209 Flacco
823 2171 857 2210 11.
877 2160 900 2221 §-
915 2157 968 2223 50),·
986 2159 1033 2209 aad
1045 2167 1071 2209 et

100 2230 203 2280 iudicio
221 2231 270 2280 tali
284 2232 405 2293 petitum,
425 2246 482 2280 cum
496 2232 551 2280 titis
565 2232 750 2281 contestatione
765 2237 925 2295 peremptum
939 2246 990 2280 uon
1004 2238 1070 2280 earet

99 2299 497 2368 (t‚180),incompeneationem
515 2302 611 2351 deduci
624 2310 737 2365 poterat.
757 2302 790 2351 L.
805 2314 825 2353 8.
846 2303 877 2351 D.
893 2301 925 2351 de
942 2317 1069 2367 compano.

101 2371 199 2440 (16,1).
228 2372 299 2422 Unde
317 2372 504 2438 quaerebatur,
523 2388 557 2422 an
577 2373 659 2423 iudex
675 2380 744 2423 recte
764 2380 789 2423 et
804 2373 898 2423 ordine
912 2368 1028 2436 faceret,
1046 2374 1071 2423 ci

100 2444 311 2508 quemadmodum
336 2445 503 2494 iudicaturus
526 2451 609 2504 emet,
634 2452 694 2494 ante
717 2445 871 2495 attenderet.
907 2444 970 2494 Geli.
991 2456 1029 2507 1t,
1049 2456 1069 2497 1,

99 2522 182 2564 actum
198 2516 257 2565 edd.

177 2672 203 2744 ς.
219 2678 278 2727 103.
300 2676 338 2740 Cf.
355 2688 375 2738 1,
386 2687 433 2727 184.
448 2686 469 2736 o,
480 2686 527 2727 181.
542 2686 564 2737 4,
574 2686 608 2726 eo.
633 2674 689 2738 Utp.
704 2688 738 2738 11,
753 2688 785 2727 11.
806 2675 918 2739 utapro
930 2675 1025 2725 Flacco
1036 2686 1069 2725 11.

101 2749 125 2810 5.
142 2757 177 2797 60.
232 2742 258 2815 ξ.
271 2749 330 2798 104.
345 2748 451 2795 intro-
461 2742 603 2866 miliarium}
614 2746 649 2809 cf.
661 2746 751 2808 hiat,
762 2758 795 2797 18.
810 2747 862 2797 Dio
871 2756 906 2808 61,
917 2758 950 2797 19.
969 2746 1071 2796 Beclcer

101 2817 176 2867 Rom.
192 2816 304 2868 Aitertlr.
318 2818 356 2868 II.
371 2830 392 2869 2.
408 2834 436 2881 p.
452 2828 499 2869 181.
521 2818 573 2879 lege
601 2813 663 2883 olio]
679 2818 714 2880 cf.
729 2819 752 2879 ξ.
767 2830 801 2868 to.
824 2818 887 2867 Gall.
900 2828 965 2880 11,1.
985 2817 1071 2867 Antea

96 2896 229 2953 perpetua
238 2897 322 2939 erant.
340 2889 392 2940 Oia.
408 2887 484 2940 Verr.
496 2888 518 2938 Ι.
529 2900 563 2939 18.
579 2890 602 2950 ξ.
613 2900 647 2939 oo.
663 2887 726 2953 Lep.
738 2887 806 2938 Acit.
818 2895 898 2952 repet.
909 2904 931 2937 u.
945 2887 1002 2937 XX
1009 2886 1070 2938 VII.

100 2975 165 3010 anno
181 2967 205 3008 et
219 2975 260 3009 sex
275 2957 320 3029 m.]
336 2961 371 3023 af.
386 2960 468 3010 Tacit.
478 2958 511 3009 A.
522 2971 543 3021 6,
554 2971 587 3011 18.
603 2960 669 3009 litem
683 2956 756 3027 mori]
775 2960 810 3023 ef.
824 2960 857 3009 L.
868 2971 901 3011 18.
916 2962 939 3022 5.
950 2971 970 3010 4.
991 2960 1023 3009 D.
1039 2960 1071 3009 de

101 3033 164 3082 doto
174 3048 205 3081 m.
222 3030 258 3097 (4,
269 3029 301 3097 8).
316 3032 349 3081 L.
359 3043 394 3084 81.
414 3026 446 3080 D.
461 3032 494 3081 de
508 3032 588 3081 iudia.
599 3029 636 3096 (5,
647 3029 678 3096 1).
694 3031 727 3081 L.
737 3042 771 3083 88.
786 3033 810 3093 ἕ.
821 3044 841 3082 1.
861 3031 894 3081 D.
904 3032 941 3080 ad
954 3034 971 3082 l.
981 3031 1070 3096 Aquit.

101 3101 184 3170 (8,1).
204 3103 235 3153 L.
249 3115 270 3155 3.
286 3105 309 3165 ξ.
325 3116 345 3154 1.
364 3104 397 3152 D.
413 3118 478 3168 quae
493 3104 520 3152 in
532 3103 625 3165 fraud.
641 3100 687 3168 (11,
701 3100 733 3169 8).
752 3102 784 3152 L.
796 3114 816 3153 1.
836 3102 868 3153 Ι).
884 3103 916 3153 de
931 3103 981 3153 dio.
997 3109 1069 3168 temp.

102 3172 196 3240 (418).
216 3174 248 3223 L.
259 3185 280 3225 1.
299 3174 498 3224 111161188ῑυί
511 3173 557 3238 (18
567 3172 600 3240 a).
619 3174 652 3223 L.
668 3186 702 3226 18.
722 3174 754 3223 D.
769 3174 801 3223 de
814 3176 874 3238 stip.
885 3182 972 3238 praet.
984 3173 1029 3240 (48,
1038 3172 1071 3238 1).

101 3245 136 3296 L.
151 3257 172 3297 8.
192 3246 225 3295 Ι),
240 3252 326 3295 ratam
339 3262 394 3295 rem
408 3245 453 3310 (to,
467 3243 498 3311 8).
572 3241 598 3313 ξ.
615 3246 675 3297 105.
690 3241 882 3313 recuperatorio]
897 3246 932 3309 of.
949 3246 1016 3295 Feet.
1031 3261 1070 3309 ep.

101 3333 126 3366 u.
144 3316 321 3381 Reciperatio.
343 3317 395 3367 Cic.
416 3316 493 3367 Verr.
508 3328 578 3379 8,18.
597 3318 621 3378 ὅ.
636 3328 671 3368 81.
695 3317 812 3365 interuen.
832 3332 925 3380 peregr.
941 3312 1020 3384 pera]
1036 3316 1070 3379 cf.

102 3388 157 3438 Cic.
168 3385 221 3452 pr'o
237 3388 334 3439 flacco
348 3401 382 3440 11.
402 3390 425 3452 ἓ.
441 3398 475 3439 oo.
500 3387 577 3437 Verr.
592 3386 630 3437 II.
645 3400 666 3450 1,
681 3399 715 3439 18.
735 3387 847 3452 quamdiu
861 3384 922 3454 eto]
939 3388 973 3451 cf.
990 3388 1021 3436 L.
1037 3398 1071 3439 18.

100 3459 136 3509 Ι).
151 3460 184 3509 de
198 3460 293 3510 iurird.
308 3458 345 3525 (1,
360 3459 392 3525 1).
411 3460 444 3508 L.
458 3470 492 3511 49.
513 3461 536 3521 §-
551 3473 572 3510 1.
594 3459 627 3509 D.
647 3458 678 3509 de
698 3460 777 3510 indie.
794 3458 830 3525 (8,
846 3457 877 3524 1).
951 3454 1071 3528 §§.106.

102 3532 164 3582 tot.
186 3530 225 3595 Cf.
241 3543 262 3595 e,
277 3543 326 3583 181.
340 3544 361 3595 t,
377 3544 424 3583 111.
441 3541 487 3582 118.
506 3530 539 3579 L.
550 3543 570 3582 1.
592 3530 617 3579 0.
632 3531 657 3579 si
671 3531 729 3580 adu.
744 3546 798 3580 rem
813 3530 892 3581 indic.
910 3528 1001 3597 (111).
1018 3530 1071 3581 Cic.

100 3602 136 3651 de
150 3610 217 3652 orat.
233 3616 254 3666 1,
269 3614 303 3655 87.
323 3605 346 3666 ἕ.
362 3614 410 3655 168.
