2550 4000
391 247 452 282 eurr
469 246 565 286 tuerer.
585 228 619 282 ΙΙ.
640 235 783 286 tet-186.
1012 233 1075 300 263

103 393 278 449 stitutionem
293 390 380 464 palam
395 390 502 462 lacere,
525 391 551 446 id
573 400 614 446 est
630 407 663 448 eo
678 391 757 463 loco,
779 408 833 465 quo
849 391 982 466 pupillum
998 393 1076 449 here·

103 477 168 534 dem
183 477 365 548 instituimus,
382 472 471 549 (nom)
488 475 610 550 uulgaris
625 477 786 532 substitutio
802 479 838 532 ita
854 487 935 534 uocat
950 477 982 533 ad
998 478 1076 534 here·

101 562 217 617 ditatem
233 559 430 632 substitutum,
456 561 480 615 si
496 561 604 617 omnino
620 561 741 634 pupillus
764 561 844 618 heres
859 579 915 618 non
938 563 1076 631 extiterit,

104 645 182 720 quod
204 645 316 715 accidit,
340 661 401 702 cum
424 647 488 702 uiuo
511 655 624 718 parente
647 646 777 718 moritur,
808 663 863 719 quo
886 663 950 704 casu
972 646 1076 703 nullum

101 730 249 786 substituti
272 727 431 786 maleficium
454 731 585 803 suspicari
606 746 771 804 possumus,
801 748 861 787 oum
884 731 988 788 scilicet
1011 731 1076 787 uiuo

102 824 240 872 testatore
256 816 360 886 omnia,
381 831 450 889 quae
467 817 494 870 lu
516 822 680 871 testamento
695 815 800 888 scripta
816 817 882 887 sint,
897 817 1075 889 ignorentur:

102 900 180 956 illam
196 908 284 955 autem
300 898 539 970 substitutionem,
561 916 610 972 per
625 915 722 973 quam,
737 900 843 955 etiarnsi
859 900 938 956 heres
954 901 1078 956 extiterit

103 984 238 1059 pupillus,
255 991 297 1040 set
308 985 378 1039 iutra
390 983 562 1057 pubertatem
575 983 733 1052 decesserit,
743 983 922 1041 substitutum
935 1001 1074 1054 necamus,

103 1070 252 1142 seperatim
282 1069 309 1124 in
337 1067 510 1125 inferioribus
541 1067 639 1124 tabulis
663 1069 819 1142 scribimus,
844 1086 948 1142 easque
972 1069 1076 1125 tabulas

103 1155 220 1228 proprio
247 1153 302 1209 lino
331 1155 496 1227 propriaque
519 1169 580 1209 cora
603 1155 811 1226 consignamus,
839 1161 867 1208 et
889 1155 916 1208 in
938 1154 1078 1228 priorrbus

104 1237 209 1294 tabulis
225 1253 369 1308 canemus,
392 1254 426 1292 ne
448 1237 593 1294 inferiores
610 1237 716 1292 tabulae
732 1238 797 1293 uiuo
820 1236 876 1293 lilio
892 1246 920 1293 et
934 1238 1022 1294 adhuc
1037 1239 1077 1293 in·

104 1322 213 1396 pubere
229 1323 393 1395 aperiantur.
424 1331 466 1377 set
481 1322 564 1396 longe
579 1323 664 1378 tutius
680 1330 732 1393 est,
749 1331 895 1395 utrumque
910 1339 999 1395 genus
1015 1321 1078 1378 sub·

105 1407 263 1462 stitutionis
285 1399 449 1479 'separatim¹
466 1408 492 1461 in
508 1405 682 1461 interioribus
699 1406 796 1463 tabulis
811 1408 976 1480 consignari,
994 1406 1077 1480 quod,

105 1494 132 1547 si
144 1495 182 1547 ita
199 1491 383 1563 'consignatae
396 1490 437 1546 uel
448 1485 456 1524 ¹
471 1499 609 1562 separatae
620 1489 723 1546 luerint
733 1489 956 1561 substitutiones,
968 1499 1000 1547 ut
1010 1491 1077 1546 diti·

105 1593 182 1646 mus‚
206 1592 244 1632 em
265 1575 356 1648 priore
377 1584 470 1648 potest
485 1573 609 1648 intellegi
629 1577 657 1630 in
672 1569 788 1631 ’altere²
804 1592 915 1650 quoqne
931 1577 1001 1632 idem
1017 1592 1078 1632 esse

106 1660 288 1716 substitutus.
308 1658 313 1728 Ι
332 1655 396 1720 188,
413 1659 472 1716 Non
494 1658 582 1715 solum
604 1668 694 1716 eutem
716 1660 863 1717 heredibus
884 1662 1017 1716 institutis
1038 1661 1078 1715 in·
1092 1658 1150 1706 101.

39 1756 97 1811 treet
107 1744 258 1820 puberibus
283 1743 373 1800 liberis
395 1746 432 1799 ita
448 1743 617 1800 substituere
632 1761 796 1818 possumus,
817 1753 849 1800 ut
864 1746 887 1799 si
902 1755 964 1800 ante
979 1743 1078 1818 puber·

105 1839 194 1886 tatem
211 1830 311 1885 mortui
326 1828 438 1902 inerint,
459 1830 495 1883 sit
510 1830 532 1883 is
549 1829 638 1899 heres,
660 1846 740 1902 quem
756 1846 807 1886 nos
824 1829 1009 1897 uoluerimus,
1031 1827 1079 1883 sed

107 1917 190 1971 etiam
208 1913 392 1970 exheredatis:
414 1915 506 1987 itaque
521 1930 554 1969 eo
570 1930 634 1969 casu
650 1916 674 1969 si
690 1914 754 1988 quid
776 1914 880 1988 pupillo
897 1931 927 1970 er
944 1912 1078 1969 heredita·

107 2000 184 2057 tibus
214 2000 346 2074 legetisue
374 2008 421 2054 aut
448 1999 639 2055 donationibus
668 2002 885 2074 propinquorum
913 1999 1079 2073 adquisitum

108 2086 210 2155 luerit,
232 2084 258 2140 id
280 2100 359 2139 omne
380 2086 415 2140 ad
434 2082 612 2139 substitutum
632 2085 760 2157 pertinet.
797 2080 863 2141 188.
884 2082 1080 2156 Quaecumque

108 2170 229 2226 diximus
249 2168 283 2225 de
302 2169 499 2225 substitutione
520 2166 682 2242 inpuberum
697 2167 864 2239 liberorum,
886 2167 930 2223 uel
949 2167 1080 2222 heredum

109 2256 302 2311 institutorum
326 2253 369 2309 uel
393 2251 634 2325 exheredatorum,
665 2252 758 2308 eadem
780 2255 861 2308 etlam
890 2253 922 2307 de
946 2252 1080 2326 postumis

110 2339 314 2411 intellegemus.
359 2335 427 2395 184.
443 2336 577 2393 Extraneo
602 2353 669 2393 uero
692 2337 785 2393 heredi
807 2339 934 2393 instituto
957 2338 994 2393 ito
1010 2334 1080 2391 'sub-

110 2426 228 2480 stituere
248 2440 302 2479 non
323 2438 486 2497 possumus,
509 2432 540 2478 nt
561 2424 584 2477 sl
603 2423 683 2478 heres
698 2424 821 2478 extiterit
835 2432 863 2477 et
884 2424 954 2478 iutra
970 2421 1079 2495 aliquod

110 2518 223 2583 tempus
238 2508 396 2580 decesserit,
413 2506 480 2563 alius
493 2508 516 2563 ei
529 2508 608 2563 heres
624 2508 676 2575 sit3
692 2508 740 2563 sed
755 2507 809 2563 hoo
819 2507 908 2564 solum
924 2508 1002 2564 nohis
1017 2524 1080 2580 per·

111 2596 228 2649 missum
244 2602 301 2664 est,
322 2601 352 2649 ut
368 2609 429 2647 eum
449 2608 499 2666 per
514 2591 751 2648 fideicommissum
767 2591 932 2666 obligemus,
957 2601 989 2649 ut
1004 2591 1080 2646 here·

112 2678 227 2735 diteteur
243 2686 364 2734 nostram
379 2675 424 2733 uel
439 2685 523 2733 totam
539 2676 583 2732 uel
595 2673 677 2750 (pro)
694 2684 770 2749 parte
785 2678 927 2744 restituat;
950 2675 1023 2748 quod
1038 2676 1080 2731 ius

113 2763 195 2838 quale
210 2765 259 2834 sit,
277 2779 328 2818 suo
343 2761 404 2819 loco
421 2762 568 2817 trademus.

178 2845 241 2905 185.
258 2847 334 2904 Sicut
349 2855 438 2904 eutem
459 2846 536 2902 liberi
556 2845 697 2915 homines,
717 2845 754 2900 ite
769 2844 903 2914 et0serui,
924 2852 978 2899 tam
994 2843 1082 2898 nostri

114 2950 195 3007 quem
213 2932 305 3003 alieni,
323 2932 436 2987 heredes
452 2930 533 2987 scribi
550 2937 677 3003 possunt,
719 2923 786 2985 188.
806 2926 859 2985 Sed
875 2939 969 2984 noster
983 2943 1082 2983 seruus

115 3018 197 3073 simul
218 3028 245 3074 et
265 3017 333 3074 liber
355 3024 384 3071 et
405 3016 485 3073 heres
501 3032 561 3071 esse
577 3013 663 3069 iuberi
685 3012 781 3084 debet,
805 3013 889 3069 idest
911 3014 963 3069 hoc
985 3012 1082 3068 modo:

191 3149 210 3217 ¹)
226 3152 300 3202 Haec
314 3168 371 3201 cum
386 3151 541 3201 Mommseno
555 3150 660 3199 delendi
674 3148 754 3213 (quod
764 3150 833 3212 fucit
847 3148 896 3198 Kr.
909 3148 948 3198 ed.
963 3146 987 3213 a)
1002 3162 1083 3197 rausa

116 3227 189 3273 nullo
203 3231 248 3273 est.
314 3220 335 3287 ¹)
351 3224 424 3272 altera
439 3223 499 3271 alter
515 3222 540 3271 0.
556 3222 595 3270 ed.
610 3219 659 3285 Bp.
1081 3245 1083 3249 ,

188 3328 213 3401 ξ.
232 3332 290 3381 182.
306 3353 338 3373 ==
354 3332 377 3391 §-
392 3342 413 3381 t.
433 3328 454 3377 Ι.
471 3330 510 3378 tit.
525 3330 568 3377 cit.
591 3327 629 3390 Of.
649 3327 704 3391 Uip.
719 3339 788 3391 ens.
857 3324 882 3395 ξ.
901 3330 958 3378 183.
975 3349 1008 3367 =
1023 3327 1082 3386 §.e

117 3403 139 3452 J.
155 3405 198 3453 eit.
220 3403 258 3465 Os.
276 3401 328 3453 θέο.
342 3402 374 3450 de
389 3408 455 3450 orat.
472 3413 496 3461 t,
511 3408 545 3449 eo.
564 3400 587 3460 ξ.
603 3410 643 3449 1so
666 3411 691 3462 a,
705 3411 732 3450 se
742 3399 835 3465 finde
849 3400 901 3447 inv.
916 3408 941 3460 s,
956 3408 989 3447 ar.
1010 3398 1033 3457 §-
1048 3408 1082 3447 on.

117 3490 139 3523 c.
154 3487 188 3525 42.
209 3477 232 3536 ξ.
248 3484 294 3524 111.
356 3468 381 3539 ᾗ
398 3472 456 3522 184.
472 3490 506 3511 =
521 3471 544 3531 ἓ.
558 3482 580 3521 e.
599 3469 621 3518 I.
637 3471 675 3518 tit.
691 3472 734 3520 cit.
751 3468 786 3535 (a,
801 3469 846 3534 rs).
871 3484 914 3517 suo
929 3465 994 3537 loco]
1010 3469 1033 3529 §-
1044 3479 1082 3519 tit

117 3553 207 3611 etseq.
276 3540 471 3612 §§.185.186.
489 3538 919 3606 Ofipr.l.deter.tnst.(r,1r).
944 3539 998 3604 tltp.
1014 3551 1083 3604 aeft.

119 3615 195 3666 Paul.
210 3630 231 3679 e,
246 3628 259 3666 1
273 3614 304 3665 Β.
319 3616 342 3676 ξ.
358 3628 377 3666 t.
392 3628 474 3677 supra
489 3614 511 3674 ξ.
527 3623 574 3663 rot.
595 3624 615 3673 1,
630 3624 664 3662 et.
