2550 4000
539 268 625 305 ‹auve-
1000 250 1064 316 159

111 393 180 446 haee
198 392 358 446 rudimenta.
375 407 409 446 eo
428 390 544 444 oonsilio
561 389 724 458 scripsisse,¹
742 392 775 444 nt
792 391 833 444 ‘in
845 391 1011 446 stationibus
1022 393 1067 446 ius

130 459 223 513 ublice
247 457 418 512 docentium’
442 456 526 524 (Geli,
549 464 593 522 13,
619 461 662 522 13)
685 457 777 510 abiis
798 458 904 525 potius,
927 475 1012 526 quam
1033 462 1066 512 ut

110 478 246 580 Hactenus
267 527 440 590 factitatum,
468 526 503 578 ab
526 523 611 578 edicti
637 525 729 592 prima
748 527 830 603 parte
852 526 920 578 iuris
942 525 1066 580 studium

113 595 324 714 atulspicarpitur,t
332 592 417 676 quod·
425 591 575 712 periiserapi
585 591 714 712 tipgpppm
724 593 817 712 {pilosi
829 593 960 712 deppbat,
970 594 1075 700 'atque

111 677 242 847 {iiiiii
253 676 537 848 {5}eu{iqst⁸3ru‘ifflne3
557 676 1066 848 gesPrnd3⁰tra3⁸r⁰}rf²⁰3⁸3²‘{t³3}

112 809 1065 938 1111111,,11111111111111,111111

112 929 209 984 Claud.
232 932 297 996 23.),
320 929 369 996 qui
396 929 482 982 etiem
508 927 625 980 consilia
647 930 848 996 imperatorum
870 929 970 993 (Dione
992 930 1066 982 teste

112 1002 153 1062 53,
172 1001 213 1049 21.
232 1001 272 1062 56,
290 1000 330 1049 18.
349 1001 391 1061 60,
409 997 436 1062 4)
455 998 484 1048 et
500 993 673 1048 rescribendi
690 1011 760 1063 opus
776 997 922 1050 semestris
938 997 1018 1062 fecit,
1037 996 1068 1049 et

112 1079 147 1117 ex
163 1061 300 1116 Labeonis
317 1064 383 1117 noto
407 1061 536 1139 exemplo
558 1061 598 1125 (L.
618 1067 643 1120 2.
660 1069 684 1125 ξ.
702 1068 744 1139 41,
762 1062 794 1115 1).
814 1065 849 1116 de
867 1079 907 1117 or.
924 1063 977 1117 iur.
996 1069 1020 1129 1,
1039 1065 1065 1129 2)

111 1130 140 1183 in
157 1147 238 1184 usum
255 1135 381 1194 venerat,
400 1132 432 1183 ut
449 1130 517 1182 iuns
530 1144 643 1197 quoqne
655 1129 778 1182 studium
790 1146 841 1198 per
853 1146 960 1184 annuos
972 1147 1066 1184 cursus

110 1196 184 1251 binis
202 1214 314 1275 quoque
332 1213 405 1250 anno
424 1195 518 1264 pensis
536 1197 683 1249 distinctos
694 1197 893 1254 absolveretur.
923 1197 987 1251 Uti
1011 1197 1068 1250 'tur

112 1264 258 1318 straditis
275 1280 360 1331 qnam
377 1265 491 1317 minime
510 1262 684 1327 deflecteret,
703 1280 765 1317 cnm
778 1263 988 1318 Institutionum
1012 1263 1066 1317 ibri

112 1330 223 1399 integro
242 1347 314 1384 enno
331 1347 387 1384 non
406 1331 579 1396 sufficerent,
624 1330 819 1384 rudentissime
838 1330 923 1384 Gaius
944 1332 1069 1385 instituit

59 1407 102 1456 [se]
113 1397 298 1466 exemploque
321 1413 384 1463 suo,
402 1405 434 1450 nt
452 1397 564 1467 opinor,
588 1346 649 1474 abis
671 1413 782 1465 quoque
799 1399 950 1466 persuasit,
974 1401 1006 1453 ut
1023 1399 1068 1464 iis,

131 1480 185 1518 uae
203 1467 269 1518 tune
288 1467 368 1518 erunt
385 1465 541 1518 studiorum
559 1465 659 1532 spatia,
676 1479 765 1518 novus
782 1481 872 1519 annus
889 1467 969 1533 quasi
1006 1482 1066 1520 rae-

111 1481 251 1593 flceretuu
270 1530 349 1598 isque
367 1533 471 1600 partim
484 1531 710 1586 institutionibus
727 1533 830 1600 purtim
843 1535 975 1601 quattuor
985 1483 1066 1587 fibris

111 1598 300 1668 singularibus
318 1602 509 1668 occuparetur.
546 1598 602 1652 Sed
620 1599 673 1652 etsi
689 1600 809 1667 placeat,
826 1601 901 1667 quod
918 1602 1014 1655 multis
1031 1617 1067 1654 ex

112 1666 200 1720 causis
217 1665 367 1720 verisimile
386 1667 440 1731 est,
464 1667 521 1720 iam
543 1667 611 1719 tuno
634 1666 700 1720 ante
724 1666 846 1720 edictum
868 1668 1006 1735 praetoris
1023 1669 1067 1720 ius

112 1733 193 1786 civile
212 1749 247 1786 ex
264 1732 342 1786 libris
361 1733 475 1786 Masurii
494 1732 590 1786 Sabini
609 1733 737 1788 semestri
754 1751 835 1787 eursu
846 1735 982 1788 traditum
996 1750 1065 1799 esse,

110 1800 152 1854 ita
174 1815 286 1867 quoque
309 1799 395 1852 tinius
421 1800 464 1853 his
484 1799 628 1854 incondite
654 1801 765 1868 scriptis
791 1801 869 1854 libris
893 1818 957 1855 suas
982 1801 1067 1855 vicini

112 1866 271 1936 argumenti
293 1866 485 1920 institutiones
512 1869 542 1922 et
558 1867 645 1921 libros
670 1868 851 1937 singulares,²
877 1869 977 1922 dehine
1000 1869 1067 1922 anni

111 1950 190 2002 opus,
210 1933 404 2001 subrogando³
416 1935 522 2001 optime
534 1934 569 1988 de
582 1934 682 1987 studiis
699 1935 767 1988 iuris
785 1935 874 1989 civilis
886 1937 1003 1990 meritus
1015 1937 1066 1999 est,

186 2107 206 2174 ¹)
221 2108 268 2159 Nec
283 2110 391 2173 improbo
405 2111 450 2159 boc
466 2112 498 2159 ita
513 2119 645 2175 acceptum,
660 2118 686 2159 ut
699 2119 824 2175 antequam
838 2113 999 2162 iustitutiones
1010 2129 1066 2163 suas

111 2180 136 2228 in
150 2179 270 2243 publicum
285 2180 374 2242 ederet,
390 2195 417 2229 ea
432 2182 483 2245 ipsa
498 2182 554 2243 tere,
570 2196 629 2245 quae
640 2182 777 2245 scripserat,
792 2184 842 2232 riva
852 2198 908 2232 voce
919 2184 1066 2233 auditoribus

111 2250 228 2312 traderet,
248 2265 317 2313 quam
337 2252 479 2300 sententiam
497 2252 605 2315 pluribus
625 2260 751 2301 exsecutus
770 2260 807 2301 cst
820 2253 848 2301 ll.
864 2254 986 2316 lternburg
1004 2255 1066 2303 libro

113 2318 163 2370 ‘dic
179 2320 344 2369 Institutionen
359 2322 401 2370 des
417 2322 489 2371 Gaius
504 2324 542 2371 ein
559 2320 738 2385 Collegienhctt'
755 2335 814 2375 1869.
834 2339 857 2387 p.
873 2336 899 2375 tt
913 2340 973 2388 seq,
995 2326 1065 2375 modo

111 2406 140 2440 ne
156 2406 184 2440 ex
199 2392 422 2441 commentariorum
437 2393 539 2455 nomine,
555 2409 601 2457 quo
613 2393 685 2442 Gaius
700 2394 744 2443 hos
754 2402 780 2442 ut
789 2394 848 2443 alios
859 2395 932 2443 libros
943 2397 1013 2444 etiam
1023 2410 1064 2444 ore

111 2476 230 2525 nunqnam
238 2462 346 2524 traditos,
355 2463 461 2512 modeste
471 2465 606 2528 appellarit,
617 2471 780 2527 argumentum
790 2466 841 2515 eius
851 2467 982 2515 sententiae
992 2467 1065 2515 ducas

110 2547 187 2596 neque
201 2533 245 2581 hac
260 2533 312 2596 ipsa
326 2533 410 2595 torma,
425 2548 495 2597 quam
510 2542 626 2597 tenemus,
648 2536 823 2585 exauditorem
838 2537 934 2586 schedis
949 2538 972 2585 in
986 2537 1066 2601 publi·

111 2618 165 2652 rum
180 2618 221 2652 cos
235 2603 354 2666 prodiisse
369 2604 481 2667 opineris.
506 2604 642 2669 Quanquam
657 2606 728 2655 etium
743 2606 788 2655 alia
802 2606 914 2671 pleraque
929 2622 957 2657 eo
969 2608 993 2656 in
1003 2608 1064 2656 libro

110 2682 216 2723 ceterum
230 2673 405 2735 elegentissime
427 2675 515 2737 scripto
532 2676 623 2739 insunt,
639 2690 699 2739 qnae
712 2692 758 2726 non
772 2678 855 2739 probo.
907 2674 928 2743 ²)
943 2679 968 2727 ln
982 2678 1066 2739 vulgos

110 2752 192 2793 notum
206 2752 251 2806 est,
266 2744 290 2793 in
304 2744 371 2793 libris
386 2745 416 2794 ad
431 2745 543 2794 Sabinum
554 2747 665 2795 materias
680 2747 709 2795 de
719 2748 876 2808 testamentis,
891 2748 920 2796 de
930 2749 1013 2809 legetis
1024 2748 1064 2810 (de

109 2830 189 2864 rerum
204 2815 400 2879 acquisitionibus
415 2817 481 2864 etde
497 2814 682 2881 contractibus),
701 2817 731 2866 de
750 2818 804 2865 dote
823 2818 889 2867 etde
904 2819 983 2866 tutelis
998 2819 1064 2881 prin-

110 2886 187 2948 cipem
201 2886 278 2935 locum
294 2886 432 2935 obtinuisse.
461 2887 509 2935 iam
529 2901 583 2936 cum
599 2902 640 2947 ea,
659 2902 718 2950 quac
733 2888 758 2936 in
772 2888 861 2937 scholis
876 2889 995 2950 leguntur,
1010 2903 1064 2937 raro

110 2956 200 3005 absolvi
215 2957 314 3017 soleant,
330 2958 401 3005 etiam
414 2957 457 3007 has
471 2958 583 3007 materias
597 2958 669 3019 solas,
684 2958 795 3021 quamdiu
810 2972 837 3007 et
848 2958 935 3007 Sabino
949 2960 986 3008 ius
996 2959 1064 3008 civile

109 3027 255 3090 traderetur,
274 3034 387 3076 tractatas
406 3042 459 3077 esse
479 3042 579 3091 pronum
593 3028 623 3077 ad
637 3029 818 3077 existimandum
832 3035 876 3078 est.
905 3030 972 3087 Quod
985 3031 1007 3079 si
1021 3045 1064 3093 po·

109 3098 196 3158 nimus,
211 3112 271 3145 nora
286 3098 386 3147 docendi
401 3099 461 3148 ratio
477 3114 489 3147 a
506 3098 563 3148 Gaio
579 3099 686 3147 institute
700 3114 770 3163 quam
789 3101 884 3149 minime
899 3116 912 3149 a
927 3108 1007 3151 vetere
1022 3102 1064 3150 de-

108 3167 182 3227 ticxit,
198 3169 318 3231 magisque
333 3170 354 3218 ei
370 3169 460 3218 addidit
474 3176 572 3231 tantum,
587 3169 750 3219 institutiones
764 3185 820 3219 suas
834 3172 902 3234 qnasi
915 3171 1063 3238 προοίμιον

109 3238 198 3287 Sabino
213 3238 285 3302 (nunc
300 3239 341 3287 1111
356 3240 421 3289 libris
432 3237 600 3303 singularibus)
610 3240 751 3303 praefigens,
762 3256 831 3305 quam
841 3242 950 3291 detraxit.
989 3240 1009 3308 ³)
1020 3244 1063 3290 Ve-

108 3308 206 3370 stigium
221 3309 271 3357 eius
286 3309 321 3356 rei
340 3310 363 3359 in
379 3324 406 3358 co
421 3325 566 3372 cognoscere
581 3311 640 3359 mihi
650 3311 739 3373 videor,
754 3312 816 3375 quod
828 3319 918 3375 postea,
934 3313 1062 3362 Iustiniana

107 3379 132 3428 in
148 3386 224 3429 const.
253 3378 351 3428 Omnem
365 3380 424 3443 reip.
439 3383 462 3443 ξ.
478 3395 497 3430 1.
513 3387 588 3443 teste,
605 3380 657 3429 Gsii
667 3382 828 3431 institutiones
848 3390 871 3431 et
885 3390 995 3445 quattuor
1008 3383 1062 3431 iibri

107 3450 241 3512 singulares
258 3447 520 3513 ‘connumerabuntur',
541 3452 565 3500 id
580 3460 616 3501 cst
630 3466 673 3514 pro
688 3468 734 3501 uno
749 3454 808 3502 libro
823 3468 842 3501 s.
858 3453 975 3501 volumine
990 3453 1063 3502 babe-

107 3521 194 3570 bantur
212 3519 293 3587 (sicuti
313 3520 392 3569 Sabini
412 3536 472 3585 opus
490 3520 576 3587 iuerat)
596 3523 690 3571 seilicet
708 3538 736 3572 es
755 3538 796 3572 sen
815 3524 874 3585 iilis,
893 3538 952 3587 qnos
971 3530 1021 3573 tum
1036 3539 1069 3587 ex,

107 3593 217 3641 universa
237 3592 435 3655 iurisprudentia,
456 3589 573 3656 ‘quaein
593 3594 708 3643 librorum
728 3594 774 3643 duo
789 3594 853 3641 milia
868 3592 1062 3655 extendebatur',
