2550 4000
387 203 447 240 nun
467 205 566 242 meurs.
585 187 606 242 Ι.
627 194 769 244 tat-lat.
995 191 1058 255 207

86 347 237 421 praesidem
261 349 419 422 prouinciae
445 347 536 404 solent
562 345 630 403 steri.
675 344 740 405 135.
765 347 816 415 out
839 366 871 404 ex
895 345 951 404 filio
974 351 1058 406 semel

86 435 223 489 iterumue
237 434 391 506 mancipato
408 440 557 505 conceptus
574 442 627 503 est,
643 433 709 489 licet
722 441 785 506 post
801 434 908 489 tertiam
924 436 1058 508 mancipa-

88 518 189 572 tionem
205 519 290 590 patris
306 518 349 572 sui
364 525 502 588 nascatur,
519 521 650 572 tamenin
666 519 710 574 aui
726 525 862 591 potestate
878 526 930 590 est,
954 527 982 574 et
996 518 1058 574 ideo

87 601 120 656 ab
143 619 176 658 eo
199 610 227 657 et
242 602 407 676 emancipari
423 609 450 658 et
465 603 492 656 in
508 600 682 674 adoptionem
698 603 754 658 dari
775 611 879 675 potest.
914 610 940 658 at
954 604 989 675 is,
1011 605 1059 675 qui

88 703 120 742 ex
136 702 168 742 eo
184 683 241 742 nito
257 695 408 760 conceptus
424 693 476 756 est,
493 686 540 758 qui
560 687 589 741 in
610 688 691 742 tertia
709 687 909 760 mancipatione
930 695 982 758 est,
1003 704 1058 743 non

15 776 70 830 [134]
87 773 209 827 nascitur
224 773 251 826 in
272 773 316 827 aui
337 778 487 844 potestate:
510 776 552 826 set
573 785 634 826 eum
650 769 740 826 Labeo
757 770 865 843 quidem
881 772 1016 827 existimat
1030 774 1058 827 in

87 855 209 911 eiusdem
224 855 356 928 mancipio
373 871 449 926 esse,
472 855 549 911 ouius
566 861 594 909 et
608 863 686 928 pater
702 858 752 911 sit:
774 857 878 910 utimur
893 864 983 912 autem
1006 857 1059 911 hoc

86 941 158 1012 iure,
176 949 206 995 ut
222 940 348 1012 quamdiu
363 948 442 1012 pater
456 941 515 996 eius
530 940 557 994 iu
573 941 708 1012 mancipio
723 941 767 1010 sit,
790 939 908 1014 pendeat
923 941 967 998 ius
982 941 1057 1008 eius;

87 1027 161 1082 etsi
188 1025 297 1098 quidem
325 1033 404 1098 pater
426 1025 486 1080 cius
509 1040 542 1080 ex
565 1026 765 1098 mancipatione
791 1026 974 1080 manumissus
996 1027 1057 1091 erit,

84 1101 189 1166 ’eadm¹
207 1111 236 1165 in
251 1114 310 1166 eius
326 1116 508 1182 potestatem3
532 1109 554 1164 si
571 1125 639 1164 uero
662 1111 696 1180 is,
718 1108 782 1164 dum
804 1111 832 1164 in
856 1111 989 1182 mancipio
1011 1110 1058 1181 sit,

87 1187 255 1272 delcesserit,
275 1196 318 1250 sui
341 1193 407 1249 iuris
432 1191 487 1252 irat.
520 1189 597 1250 18⁶³.
619 1192 717 1248 Eadem
739 1192 850 1250 seilicet’
866 1193 1059 1268 iutellepemus
1068 1198 1108 1249 38.

87 1285 118 1336 in
134 1287 249 1350 nepote,
265 1296 329 1335 cnm
345 1281 432 1334 semel
447 1279 469 1332 is
486 1282 584 1339 mancii
588 1288 673 1350 patus
695 1278 792 1351 suerit,
815 1294 852 1334 ac
869 1283 900 1334 in
918 1282 989 1351 filio,
1009 1284 1061 1353 pai

88 1369 118 1420 in
135 1367 222 1420 tertia
237 1365 445 1436 mancipatione
462 1369 513 1422 est,
543 1355 618 1417 nam²
641 1371 768 1436 utsupra
789 1364 915 1433 diximus,
937 1363 1011 1437 quod
1030 1367 1058 1419 in

88 1447 147 1504 filio
171 1447 273 1504 iaciunt
296 1455 352 1503 tres
374 1449 604 1520 mancipationes,
627 1447 682 1503 hoc
703 1447 769 1504 iacit
786 1463 838 1503 una
853 1449 1015 1523 mancipatio
1031 1450 1059 1504 in

87 1540 199 1606 nepote.
242 1527 307 1590 1³6.
332 1532 450 1589 'Mulier
467 1523 471 1609 Ι
487 1549 531 1604 eo,
547 1535 624 1605 quod
642 1536 673 1588 in
697 1549 811 1589 manum
832 1536 978 1605 conuenit,
1002 1551 1059 1590 non

88 1633 213 1691 semper,
234 1621 291 1673 nisi
303 1618 507 1689 coemptionem
528 1617 634 1689 lecerit,
652 1622 798 1689 parentiis
813 1624 961 1690 potestate
975 1619 1060 1674 bodie

86 1704 246 1766 liberatum·
267 1720 335 1758 nam
356 1703 392 1758 de
410 1705 556 1774 flaminica
578 1703 659 1760 Diali
678 1704 748 1776 letpe
770 1706 867 1759 Asinio
883 1704 1000 1759 Antistia
1020 1718 1060 1758 eo:

88 1791 266 1844 auctoritate
292 1787 418 1843 Cornelii
439 1785 543 1842 Maximi
567 1795 594 1842 et
611 1791 615 1854 Ι
633 1786 784 1843 Tuberonis
807 1795 915 1843 cautum
939 1779 1007 1858 est,³
1031 1794 1060 1842 ut
1121 1797 1126 1802 “

88 1873 156 1928 haec
171 1872 245 1944 quod
260 1871 292 1926 ad
308 1888 384 1928 sacra
406 1879 511 1928 tantum
527 1871 653 1927 uideatur
672 1873 699 1927 in
718 1889 799 1928 manu
814 1888 885 1943 esse,
902 1871 975 1946 quod
990 1887 1059 1928 uero

89 1957 121 2013 ad
146 1965 251 2013 ceteras
273 1973 368 2013 causas
390 1956 503 2030 perinde
519 1954 666 2028 habeatur,
690 1964 772 2030 atquc
794 1958 817 2013 si
837 1958 865 2013 in
880 1973 987 2014 manum
1003 1973 1059 2013 nou

88 2043 273 2097 conuenisset.
309 2042 373 2097 'eae
389 2044 393 2111 Ι
411 2058 483 2097 uero
503 2046 650 2111 mutieres,
672 2058 748 2115 quae
768 2046 798 2098 in
817 2059 934 2099 manum
955 2058 1058 2099 conae-

87 2130 173 2182 niant
193 2142 248 2197 per
271 2120 510 2199 coempitionem,4
531 2133 671 2199 potestate
687 2128 806 2199 parentis
820 2125 985 2196 liberantur;
1008 2143 1060 2181 nec

88 2213 221 2282 interest,
245 2227 277 2267 an
300 2213 327 2266 in
351 2212 404 2267 uiri
426 2210 468 2265 sui
485 2227 565 2266 manu
580 2211 637 2265 sint
653 2229 692 2267 an
714 2211 847 2276 extranei,
871 2213 994 2283 quamuis
1010 2211 1060 2265 bae

89 2296 165 2351 solae
181 2294 373 2352 locoiiiiarum
390 2294 554 2368 habeantur,
572 2310 642 2368 quae
658 2297 685 2351 iu
701 2296 752 2351 uiri
767 2299 855 2362 matun
871 2304 945 2353 saut.

166 2428 184 2497 ¹)
199 2430 301 2497 Ere-Bp.
313 2432 352 2481 ed.
364 2441 384 2482 5.
400 2431 464 2481 cadit
478 2431 516 2480 ed.
528 2446 582 2480 mea
593 2432 681 2493 prior.
735 2426 756 2495 ²)
770 2429 977 2494 supplementum
992 2447 1060 2479 nunc

88 2504 126 2553 ad
133 2502 227 2553 Scaea.
244 2504 397 2553 accuratius
410 2503 608 2553 accommodavi.
657 2499 678 2562 8)
692 2501 737 2551 Er
751 2502 792 2551 itis
807 2503 864 2551 edd.
876 2509 1059 2565 tantumprae·

87 2583 160 2627 stant
179 2576 267 2623 iecerit
285 2582 309 2623 et
327 2572 421 2625 Maximi
441 2581 465 2622 et
483 2573 624 2623 Tuberonis.
658 2573 691 2622 In
716 2575 879 2623 restitutione
901 2574 938 2622 ad
959 2588 1061 2622 sensam

89 2648 152 2695 ticet
165 2648 242 2695 etiarn
257 2646 293 2695 ad
306 2645 399 2693 ductus
413 2643 506 2694 Seded.
518 2645 594 2708 facta
608 2646 720 2693 maxime
738 2624 960 2694 rationem'babai
977 2642 1059 2692 Tacit.

88 2717 122 2766 Α.
143 2729 169 2779 4,
188 2730 221 2767 to.
241 2718 277 2765 ad
295 2732 319 2767 a.
339 2727 379 2778 24,
399 2718 473 2765 cuius
492 2730 556 2765 coss.
574 2716 685 2779 fuerunt
706 2715 731 2765 C.
752 2714 862 2764 Asinius
881 2714 967 2763 Pollio
989 2721 1014 2762 et
1034 2713 1059 2761 C.

88 2788 221 2838 Antistius
236 2788 323 2836 Vetus.
343 2787 382 2836 De
392 2802 429 2844 re,
440 2803 475 2835 an
485 2789 522 2836 ita
532 2788 613 2835 saluis
623 2785 794 2851 religionibus
804 2789 859 2849 lepe
868 2787 958 2834 caneri
963 2790 1061 2849 posset,

89 2863 142 2909 iam
163 2858 278 2925 Aupusti
296 2866 380 2907 aetate
400 2859 502 2908 videtur
520 2865 660 2907 tractatum
679 2872 735 2907 esse
754 2858 799 2920 (cf.
822 2856 905 2905 Tacit.
920 2858 936 2905 l.
952 2872 975 2905 c,
989 2854 1060 2904 Suet.

92 2930 148 2981 Oct.
163 2941 197 2982 81.
217 2931 268 2980 Dio
282 2942 316 2992 54,
336 2927 393 2996 ult.)
407 2938 432 2979 et
450 2937 502 2979 tum
520 2928 590 2979 Ietas
611 2929 731 2979 Cornelio
748 2928 866 2978 Maximo
885 2934 910 2977 et
931 2926 1062 2977 Tuberoni

90 3001 135 3067 (L.
149 3014 170 3053 e.
189 3004 229 3064 ξς.
243 3011 277 3053 45.
292 3013 328 3052 to.
347 3000 380 3051 D.
396 3002 428 3051 de
443 3003 509 3067 arip.
524 3002 576 3049 tur.
591 3014 612 3063 1,
627 3014 647 3051 ι.
668 3000 700 3049 L.
711 3012 744 3051 ιι.
760 3001 784 3061 5.
794 3011 816 3049 1.
839 2999 871 3047 D.
882 2999 914 3047 de
924 3000 999 3047 inser.
1011 3000 1060 3062 lep.

89 3084 127 3135 se,
143 3072 165 3138 t)
180 3088 211 3121 ea
224 3074 352 3122 sententia
362 3074 503 3137 placuisse,
517 3088 553 3121 ex
567 3089 617 3137 qua
631 3070 731 3121 Tiberii
739 3072 837 3120 demum
848 3077 933 3119 aetate
948 3073 992 3119 lex
1006 3071 1061 3118 lata

89 3150 137 3193 est.
167 3144 335 3194 Lachmanno
350 3144 382 3193 de
396 3142 463 3194 Seno
478 3160 512 3193 eoa
526 3145 683 3195 auctoritate
698 3157 763 3193 coss.
778 3158 802 3191 a.
817 3153 865 3194 tta.
890 3141 971 3191 Pauli
985 3139 1062 3190 Fabii

90 3210 208 3265 Maximi
221 3224 246 3264 et
263 3214 290 3275 Q.
307 3214 379 3264 Aelii
396 3215 538 3265 Tuberonis
554 3216 628 3279 facto
644 3214 771 3279 capitanii
784 3216 863 3262 multu
877 3214 1060 3269 adversantur,
1103 3253 1105 3258 ,

90 3290 119 3336 in
135 3286 226 3351 quibus
236 3294 346 3350 praeter
364 3286 449 3335 Taciti
462 3286 643 3335 auetoritatem
653 3288 729 3335 etiam
742 3285 799 3343 boe,
814 3284 883 3348 quod
892 3286 933 3332 illi
943 3283 1061 3333 consules

90 3361 196 3409 inverso
211 3360 304 3411 ordine
316 3357 433 3420 fuerunt.
500 3353 520 3421 ⁴)
535 3356 662 3407 Similiter
676 3357 787 3405 restitui.

89 3456 305 3465 ---.-—--.—--·—-

163 3496 189 3567 ξ.
201 3500 261 3551 135.
275 3500 312 3564 Of.
324 3501 348 3561 §-
358 3510 378 3553 9.
399 3497 710 3561 I.ib.supra§§.132.8e.
759 3493 796 3564 ξ.
813 3496 886 3547 135².
903 3494 942 3558 Of.
957 3495 998 3555 ἓξ.
1013 3504 1059 3545 ton.

90 3583 139 3623 ma.
204 3568 229 3639 §-
247 3574 306 3623 136.
322 3566 445 3637 quamuis]
463 3569 501 3631 Cf.
517 3571 556 3631 ξς.
573 3582 618 3619 ιιι.
635 3580 683 3619 ιι4.
698 3560 761 3619 nob.
