2550 4000
232 215 294 280 206
522 231 582 270 atu
603 235 703 270 unsrun.
723 216 744 274 I.
764 220 907 273 tas-tet.

177 373 218 422 36.
235 370 300 432 las.
315 367 504 433 ¹Admonendi
514 383 610 434 autem
622 392 733 447 sumus,
744 377 866 432 liberum
877 376 1099 431 arbitriumesse
1105 376 1142 444 ei,
1155 375 1207 446 qui

171 441 187 478 ²¹
201 449 220 476 ¹·
232 462 322 531 fitium
338 467 365 515 et
380 475 420 516 ex
436 477 468 518 eo
483 467 614 534 nepotem
630 464 660 518 in
671 468 817 533 potestate
831 461 957 531 habebit,
976 462 1068 531 fitium
1087 460 1251 531 quidenna,

228 551 374 616 potestate
396 546 551 612 dimittere,
567 555 699 619 nepotem
714 562 786 602 uero
796 549 826 600 in
834 550 982 617 potestate
995 547 1141 600 retinere:
1157 545 1204 598 uet

233 644 271 685 ex
286 631 402 686 diuerso
416 632 506 702 filium
518 634 630 704 quidem
640 636 671 688 in
678 636 821 703 potestate
835 633 972 700 retinere,
988 635 1120 700 nepotem
1132 644 1203 684 uero

231 718 446 786 manumittere,
469 718 517 772 aet
538 731 636 773 omnes
659 716 706 773 sui
725 718 800 772 iuris
820 714 955 787 efficere.
992 715 1094 770 eadem
1118 720 1148 768 et
1170 715 1203 770 de
1254 764 1255 769 ,

227 806 391 870 pronepote
405 800 482 856 dicta
498 815 560 856 esse
575 804 782 874 inteltepemus.

296 879 361 940 134.
380 877 556 941 ²Praeterea
570 894 713 957 parentes
734 888 820 941 etiam
840 886 949 940 liberos
967 886 998 938 in
1019 884 1202 954 adoptionem

232 972 316 1026 datos
330 972 360 1024 in
370 974 518 1041 potestate
532 971 642 1027 nabere
655 973 798 1027 desinunt.
828 973 901 1026 etin
914 971 976 1041 filia
991 969 1116 1041 quidem,
1131 970 1200 1022 siin

181 1067 223 1115 37.
234 1056 414 1126 adoptionem
427 1055 526 1126 datur,
543 1060 604 1114 tres
614 1058 844 1127 mancipationes
859 1049 864 1131 Ι
880 1060 909 1109 et
919 1052 990 1108 duae
1001 1051 1201 1107 intercedentes

234 1140 458 1194 manumissiones
469 1139 582 1212 proinde
594 1138 675 1211 fiunt,
690 1156 722 1196 ac
732 1137 790 1194 fieri
802 1137 904 1210 solent,
919 1154 981 1194 cum
996 1138 1032 1191 ita
1045 1152 1109 1191 eum
1125 1144 1201 1208 pater
1254 1186 1255 1195 ,

232 1223 265 1280 dc
286 1231 423 1296 potestate
438 1223 560 1295 dimittit,
583 1233 614 1280 ut
628 1227 671 1280 sui
687 1225 754 1280 iuris
769 1221 914 1283 efficiatur.
943 1221 1041 1278 deiude
1063 1229 1113 1276 aut
1132 1222 1201 1294 patri

231 1309 442 1381 remancipatur,
458 1317 485 1364 et
497 1308 530 1364 ab
543 1325 576 1365 eo
588 1311 621 1382 is,
635 1311 681 1382 qui
690 1309 812 1384 adoptat,
824 1307 943 1364 uindicat
951 1307 1026 1381 apud
1036 1313 1200 1378 praetorem,
1254 1312 1255 1323 ¹

232 1390 317 1447 filium
339 1408 417 1447 suum
435 1409 511 1462 esse,
535 1402 563 1448 et
584 1394 633 1449 illo
650 1403 744 1450 contra
759 1409 814 1448 non
834 1393 991 1449 uindicantc
1013 1384 1051 1445 ’a³
1072 1397 1199 1463 praetore

231 1473 381 1532 uindicanti
396 1473 467 1532 tilius
483 1476 627 1549 addicitur,
644 1487 690 1536 aut
705 1479 770 1533 'non
791 1469 1004 1550 remancipatur⁴
1019 1477 1102 1548 patri,
1119 1475 1196 1535 ’sedi

232 1561 269 1616 ab
285 1576 318 1616 eo
334 1560 458 1617 uindicat
480 1562 503 1616 is
526 1563 572 1634 qui
595 1562 725 1635 adoptat,
741 1562 823 1633 apud
835 1578 917 1634 quem
935 1566 966 1617 in
985 1554 1088 1618 tertia⁵
1102 1559 1199 1616 manci·

231 1646 341 1718 patianc
364 1653 419 1700 est:
443 1654 485 1701 set
507 1662 573 1702 sane
595 1647 764 1704 commodius
785 1653 829 1702 est
843 1648 913 1720 patri
931 1638 1137 1719 remancipari.⁶
1173 1645 1198 1698 in

231 1731 329 1786 ceteris
351 1745 418 1786 uero
441 1729 589 1787 liberorum
610 1733 752 1806 personis,
775 1747 824 1787 seu
845 1731 986 1788 masculini
1005 1745 1055 1784 seu
1077 1729 1199 1786 feminini

231 1832 329 1887 sexus,
352 1831 405 1871 una
426 1814 531 1872 scilicet
549 1817 710 1890 mancipatio
731 1814 848 1887 sufficit,
870 1825 899 1872 ct
920 1822 966 1870 aut
981 1816 1198 1887 remancipantur

231 1902 338 1974 parenti
354 1907 401 1956 aut
417 1917 471 1955 nan
487 1901 717 1974 remancipantur.
756 1901 848 1959 eadem
864 1909 892 1957 et
913 1901 942 1956 in
961 1899 1113 1974 prouinciis
1128 1898 1200 1971 apud

187 2073 193 2085 ·
231 2056 403 2117 remancipati
414 2055 517 2118 fuerint
531 2061 555 2103 et
569 2072 585 2104 a
601 2057 720 2104 naturali
733 2062 812 2119 patre
830 2057 987 2113 manumissi,
1006 2054 1148 2104 succedere
1162 2054 1198 2100 eis

230 2128 362 2175 nutriretis
371 2134 451 2189 pater
465 2141 515 2174 non
527 2134 621 2189 potest,
637 2128 690 2175 nisi
700 2127 866 2189 fiduciarius,
881 2143 897 2175 a
911 2142 962 2191 quo
971 2126 1124 2175 manumissi
1131 2130 1197 2173 sunt.

232 2197 296 2246 Nam
313 2200 338 2247 si
355 2200 558 2261 remancipatam
577 2214 633 2247 eum
651 2196 703 2246 sibi
721 2200 852 2248 nmuralis
865 2206 946 2261 pater
964 2200 1007 2247 uel
1025 2213 1092 2246 auus
1111 2211 1197 2245 manu-

230 2271 337 2326 miserit,
353 2271 408 2331 ipse
421 2270 479 2317 eius
493 2270 520 2317 in
534 2269 680 2318 hereditate
693 2266 836 2318 succedit’.
868 2269 906 2332 Cf.
922 2272 945 2331 5.
961 2280 982 2319 a.
1010 2267 1033 2318 I.
1048 2268 1118 2332 quib.
1133 2266 1196 2316 mod.

231 2342 272 2387 ius
281 2346 338 2407 pot.
353 2342 424 2400 salu,
439 2338 508 2388 verb.
539 2336 583 2388 ‘Et
599 2346 662 2388 tunc
675 2356 710 2388 em
726 2340 810 2389 edicto
830 2341 969 2391 Praetoris
982 2336 1042 2388 etc.’
1117 2335 1136 2402 ¹)
1152 2336 1198 2385 uu

232 2412 255 2471 §-
271 2422 291 2460 t.
310 2409 333 2458 I.
349 2410 372 2457 n.
388 2417 405 2459 t.
425 2410 458 2460 L.
473 2420 507 2460 88.
526 2410 558 2458 D.
574 2410 606 2459 de
620 2411 708 2473 adopt.
723 2409 755 2475 (ι,
769 2411 791 2476 t)
807 2428 824 2460 a
840 2411 933 2463 Giscie.
947 2411 1056 2461 recten.
1072 2413 1088 2459 i.
1101 2411 1196 2474 posita,

231 2496 382 2545 quamquam
396 2479 470 2529 Stud.
485 2481 551 2529 mitrii
565 2496 654 2531 eorum
667 2484 811 2545 conspexit.
844 2482 914 2532 Mitti
932 2491 1017 2531 tamen
1031 2482 1197 2530 uerisimilius

230 2552 312 2600 uisum
327 2558 372 2605 est,
388 2552 488 2601 initium
502 2553 529 2614 §i
543 2554 570 2600 iu
585 2551 728 2601 Iustiniani
746 2552 811 2603 Inst.
827 2555 933 2617 fidelius
952 2569 1027 2617 quam
1045 2555 1073 2601 in
1087 2552 1148 2617 usp.
1165 2565 1197 2599 ex

233 2621 299 2671 Gaio
310 2629 495 2685 transumptum
505 2636 574 2679 esse,·
588 2624 656 2673 unde
666 2640 701 2673 esc
710 2626 764 2673 iilis
779 2628 890 2675 restitui.
915 2622 1050 2673 ‘Liberum
1060 2623 1197 2672 arbitrium
1252 2621 1253 2642 ¹

230 2700 269 2742 est
282 2691 318 2742 ei’
340 2693 379 2744 ed.
394 2692 443 2759 Bp.
474 2693 527 2744 Nec
542 2696 686 2759 quicquam,
700 2697 725 2744 si
734 2699 886 2746 sententiam
894 2703 1006 2759 spectas,
1021 2694 1197 2743 interimeret

230 2781 269 2823 ea,
284 2780 350 2829 qrrae
365 2772 416 2815 not.
432 2767 547 2815 anteced.
561 2767 719 2831 sipnificaui,
733 2769 865 2817 interiisse
878 2768 989 2817 videtur.
1055 2761 1078 2830 ¹)
1090 2765 1197 2814 Initium

229 2836 278 2886 hac
292 2837 453 2899 deperditum
467 2852 502 2885 en
519 2835 647 2887 Gisclreni
663 2838 723 2901 fere
741 2841 903 2889 restitutione
921 2839 1075 2887 adsensum
1094 2838 1196 2886 demon·

228 2908 364 2957 strandum
377 2910 503 2970 supplevi.
533 2908 606 2958 Nintt
619 2910 688 2957 enim
702 2910 772 2959 inter
785 2910 854 2960 dunc
869 2912 893 2971 ξ.
908 2916 934 2958 et
946 2920 994 2961 las.
1022 2909 1196 2963 intercidisse,

229 2994 264 3027 eac
278 2980 319 3039 ξς.
334 2991 354 3030 t.
369 2990 389 3028 e.
414 2977 436 3027 I.
452 2979 519 3043 quib.
535 2981 600 3030 mod.
617 2982 635 3028 i.
647 2987 703 3043 pot.
717 2983 779 3030 soto.
795 2980 827 3046 (1,
841 2980 879 3045 12)
893 2988 1011 3044 apparet.
1074 2975 1095 3044 ³)
1110 2979 1196 3027 Heca

226 3049 409 3183 sfflvgmpm
420 3049 445 3168 ξ.
462 3051 529 3099 inter
539 3052 657 3170 uindicatp
654 3058 686 3155 esti
688 3052 751 3115 apud
760 3054 875 3115 positum
885 3052 937 3101 leue
945 3051 1121 3171 rgoacdizdrtdum
1130 3056 1196 3167 erg

346 3135 425 3168 ceur
436 3122 457 3169 ii
491 3122 503 3170 ⁸.
536 3129 620 3171 emata
656 3121 693 3171 '.
722 3124 773 3171 iure
793 3124 871 3172 manci
889 3130 943 3172 atur
978 3138 1013 3171 .e
1052 3157 1057 3170 .

234 3189 261 3238 V
259 3185 280 3221 st
293 3197 318 3238 et
327 3192 427 3253 partim
440 3122 621 3242 aaqsasseartii
635 3196 668 3255 ej.
739 3190 760 3258 Β)
775 3208 811 3243 sc.
827 3192 860 3242 ab
872 3138 917 3252 go,
932 3196 976 3243 cui
990 3195 1017 3242 in
1032 3118 1195 3255 areopagum

228 3261 340 3381 detegas
354 3268 400 3319 est,
415 3277 446 3310 ne
460 3263 539 3311 aliam
549 3278 698 3326 personam,
713 3267 757 3314 cui
770 3267 940 3328 mancipetur,
954 3263 1079 3314 adhibere
1093 3276 1195 3313 necesse
1251 3265 1252 3314 ζ

227 3334 270 3381 sit.
315 3332 412 3381 cneurl.

300 3454 325 3524 ξ.
342 3459 401 3507 134.
419 3457 457 3521 Cf.
472 3459 583 3507 manime
599 3458 795 3522 Plin.ep.8,1s.
815 3463 838 3522 ξ.
848 3473 870 3511 t.
886 3467 1027 3523 praeterea
1043 3459 1107 3509 dett.
1122 3470 1191 3518 6,19.

218 3524 297 3595 „Suet
316 3526 370 3577 Oct.
385 3540 419 3579 aa.
442 3529 493 3578 Cic.
509 3530 541 3578 de
552 3530 598 3591 fin.
610 3541 630 3591 1,
641 3542 661 3581 t.
685 3530 790 3581 Tertuli.
801 3535 869 3595 apat.
880 3544 901 3583 9.
920 3532 952 3580 L.
964 3534 1008 3580 uit.
1026 3531 1053 3581 O.
1064 3532 1096 3581 de
1105 3531 1194 3593 adopt.

230 3595 261 3662 (s,
270 3596 317 3662 es).
337 3600 360 3659 ξ.
371 3610 392 3649 s.
411 3599 434 3648 Ι.
450 3599 597 3665 t.c.(1,1a).
1251 3599 1252 3606 ’
