2550 4000
401 229 585 267 ou111usn1s.
606 211 627 266 Ι.
647 219 758 268 tit-51.
1004 216 1066 281 185

470 389 514 429 vs.
541 370 656 430 2-24.
727 373 729 375 ’
1079 377 1122 426 13.

6 462 27 505 t:-
92 452 143 513 46.
165 471 228 512 nam
251 464 279 512 et
302 457 325 512 si
346 463 511 512 testamento
541 458 650 530 seriptis
677 457 705 512 in
728 457 822 514 orbem
845 441 933 515 seruis
954 371 1066 516 libentes¹

8 557 12 590 ι
94 540 157 596 data
172 542 218 612 sit,
234 543 298 614 quis
314 540 406 596 nullus
419 541 488 597 ordo
501 543 724 598 manumissionis
738 544 887 609 inuenitur,
903 543 973 600 nulli
988 543 1067 601 liberi

5 629 25 677 ιλ
94 634 193 694 esuum
210 627 272 699 quia
287 625 331 681 lex
347 624 424 680 liufia
438 624 556 696 Casinis,
573 641 643 700 quas
657 628 685 681 in
699 627 823 682 fraudem
840 631 899 684 sius
915 629 1066 700 fantasma,

5 727 24 763 u
94 710 234 766 reso'mdit.
261 719 327 766 suut
342 711 421 766 etiam
433 711 559 784 specialia
572 711 819 781 sonatusoousulta‚
834 712 935 785 quibus
951 715 1068 771 rescisse

5 797 21 849 u
44 849 61 870 a
94 803 160 850 sunt
175 811 216 867 aa,
232 811 301 868 quse
318 796 346 850 in
360 793 484 850 naudem
500 797 559 850 eius
573 795 645 868 lepis
657 798 814 870 ennogitata
829 805 902 857 sunt.

156 875 207 937 «tt.
229 879 259 935 ln
278 895 383 934 summu
405 878 545 934 sciendum
568 887 626 950 est,
649 873 767 953 (quod)¹
793 882 855 954 lege
877 881 951 938 Aelia
973 881 1067 938 Sentis

5 972 19 1014 t
94 969 204 1022 sautum
219 963 282 1034 est,
304 958 350 1020 ut²
361 958 507 1038 (patrasti)
523 972 569 1020 aut
585 964 751 1020 metlitorum
762 965 975 1022 frantantorum
984 981 1067 1022 esum

9 1057 14 1062 ”
94 1049 252 1120 manumissi
266 1047 344 1104 liberi
360 1063 416 1104 non
432 1046 507 1120 liant,
528 1051 609 1104 etism
625 1049 678 1105 hos
692 1049 725 1104 sd
740 1052 901 1123 peregrinus
916 1051 1067 1125 pertinere,

5 1165 14 1192 ι
94 1130 195 1206 ((ηαηι)
218 1124 350 1188 senatus³
369 1134 406 1188 ita
425 1135 533 1188 censuit
553 1149 586 1188 ex
607 1136 769 1189 maetouitate
784 1127 903 1213 ⁹(diui)⁴
924 1131 1066 1215 Hadriani)

5 1244 16 1270 r
95 1225 189 1274 uetera
204 1233 273 1274 uero
288 1219 348 1272 ium
364 1219 422 1272 eius
438 1217 509 1291 legis
525 1217 558 1272 sd
572 1219 738 1290 peregrinos
754 1235 809 1274 nun
823 1213 989 1291 pertinere.⁵

10 1307 11 1311 ’
160 1300 481 1374 assequentium
502 1302 871 1374 personatumaliadiuisio.
909 1319 969 1358 nam
981 1320 1068 1378 qnae·

11 1417 13 1450 s
94 1385 156 1442 dam
168 1402 303 1460 personae
316 1388 358 1442 sui
370 1387 437 1442 iuris
447 1394 524 1457 sunt,
536 1386 667 1459 aumas·
679 1386 768 1444 alieno
779 1389 831 1443 iuri
842 1397 908 1445 sunt
917 1387 1067 1446 sublestae.

7 1487 17 1509 21
94 1467 149 1528 ts,
166 1472 220 1527 Sed
241 1487 337 1526 rursus
352 1487 444 1526 earum
459 1485 652 1544 mansuum,
671 1487 742 1544 quaa
756 1471 845 1528 alima
861 1474 914 1528 iuri
928 1471 1068 1529 sublestae

5 1589 11 1600 „
96 1564 172 1628 sunt,
188 1557 255 1612 alise
267 1558 297 1611 in
313 1563 460 1628 potestate,
476 1556 549 1612 aliae
564 1556 591 1611 in
604 1571 695 1627 mauu,
710 1556 784 1612 aliae
797 1559 826 1612 iu
842 1559 976 1630 masupia
991 1567 1067 1614 sunt.

95 1637 148 1698 tu.
172 1641 316 1696 Videamus
339 1657 411 1697 nune
432 1640 467 1696 de
489 1642 538 1712 iis,
559 1656 630 1714 quae
653 1640 742 1698 alieno
763 1643 816 1698 iuri
831 1641 976 1698 sublestae
997 1643 1067 1697 siut:

94 1717 220 1805 ’(oam)⁰
242 1727 266 1780 si
287 1726 515 1798 cogitassemus,
544 1741 616 1798 quas
637 1726 707 1781 istae
728 1741 863 1799 personae
884 1730 958 1797 sint,
988 1727 1067 1781 simm

8 1821 9 1824 ’
95 1810 299 1884 intellegemus,
315 1825 383 1883 quae
399 1811 441 1865 sui
456 1809 523 1866 iuris
538 1812 603 1867 sint.
631 1807 679 1868 tt.
696 1813 736 1866 Aa
754 1812 831 1884 prius
844 1811 1021 1884 dispioiamus
1035 1810 1069 1865 de

97 1896 146 1965 iis,
163 1896 209 1968 qui
224 1895 253 1949 in
269 1893 354 1949 aliena
369 1901 507 1968 potestate
522 1902 596 1951 sunt.

97 2056 213 2105 uoluerit
229 2060 414 2111 testamentum,
432 2056 479 2103 sed
496 2056 613 2117 epistolis
632 2062 678 2103 aut
694 2054 894 2119 quibuscumque
912 2058 975 2107 aliis
992 2056 1069 2106 rebus

7 2189 9 2195 Ι
88 2127 186 2177 'seruis
200 2126 255 2173 sais
264 2123 388 2189 pluribus
402 2139 478 2187 quam
488 2140 539 2187 per
553 2131 728 2175 testauoeutam
740 2127 809 2183 lioet,
823 2128 947 2189 conferre
955 2128 1069 2176 uoluerit

98 2196 234 2247 libertates
252 2203 277 2245 et
294 2195 341 2245 sub
360 2202 473 2258 tempore
487 2196 577 2245 mortis
595 2195 645 2245 ltoe
655 2196 760 2258 feeerit,
779 2196 814 2253 lui,
833 2200 878 2260 qai
888 2199 966 2261 prius
980 2214 1069 2246 manu-

97 2268 173 2317 missi
183 2268 295 2331 sueriut,
311 2281 390 2330 usque
403 2266 439 2315 ad
452 2282 583 2315 numerum
593 2268 714 2329 superias
724 2268 888 2316 coustitutum
898 2266 976 2317 liberi
985 2275 1069 2327 erant,

98 2341 144 2404 qui
162 2353 226 2387 uero
242 2344 303 2401 post
320 2342 443 2387 statutam
467 2352 599 2386 numerum
618 2336 770 2387 manumissi
786 2338 901 2401 fuerint,
922 2340 1069 2389 ,tamisiae

98 2409 177 2459 dubio
189 2408 384 2473 permanebant.
408 2420 429 2459 4.
446 2406 511 2457 Nam
521 2410 546 2457 oi
554 2410 692 2458 incolumis
705 2423 875 2473 quorsumque
888 2411 995 2460 diuerso
1009 2418 1069 2461 tem·

94 2496 163 2545 pora
174 2481 330 2538 manumisit,
340 2482 409 2529 iuter
418 2495 470 2538 eos,
481 2482 526 2544 qui
531 2494 582 2543 per
591 2486 766 2529 testasoestum
774 2484 926 2532 masuras'soi
933 2489 1002 2541 aaut,
1012 2485 1072 2536 uuis

99 2548 408 2615 latemusoomputeutar'.
423 2550 1069 2617 EulistameuEpitomatoreaquaefflaatoon·

99 2625 229 2682 lineatur,
245 2622 351 2672 aliunde
365 2638 440 2685 quum
455 2638 490 2671 em
507 2621 572 2672 Gaio
585 2624 705 2671 summisse
719 2623 831 2671 uidetur.
875 2620 896 2690 1)
907 2620 1010 2690 ‘(aum)'
1026 2624 1066 2673 ed.

99 2694 148 2759 Bp.
187 2688 211 2759 ²)
226 2694 258 2743 sit
272 2701 313 2742 ant
325 2691 418 2742 Setaea.
433 2694 510 2743 etiam
529 2689 582 2751 Vii,
596 2701 755 2757 corruptum,
771 2702 799 2743 ut
807 2702 882 2757 puto,
896 2702 954 2743 eree
969 2702 1006 2743 ut:
1021 2695 1070 2743 sed

99 2772 234 2829 occeptum
244 2780 296 2829 pro
307 2764 328 2813 si
338 2770 363 2812 ut
373 2764 468 2827 effecit,
484 2772 511 2813 ut
521 2771 658 2814 corrector
670 2772 760 2827 postea
771 2780 851 2828 super
860 2766 1001 2813 manumissi
1009 2779 1070 2828 sap·

95 2838 182 2902 ploret
198 2837 255 2886 sint.
279 2836 346 2885 idem
360 2835 429 2899 quod
437 2836 578 2885 seeundum
592 2831 637 2883 Vt*
650 2837 720 2884 iuter
730 2842 770 2883 aut
780 2843 805 2884 et
814 2836 970 2893 creditorum,
984 2837 1071 2885 alieno

99 2922 163 2957 saue
179 2910 244 2965 loeo,
263 2908 365 2973 sianum
383 2908 549 2971 superposuit
562 2917 597 2965 ιι,
617 2921 647 2955 eo
665 2907 818 2971 siguificare
834 2906 898 2955 milii
911 2907 1014 2955 uidetur
1028 2922 1070 2956 uo·

101 2980 194 3038 luisse,
214 2980 333 3028 omissum
352 2978 454 3042 aliquid
472 2992 527 3027 esse
546 2978 624 3040 (puta
641 2993 663 3025 o.
678 2978 773 3041 patroni
793 2978 852 3028 coil.
867 2979 890 3039 ξ.
906 2977 942 3042 st)
962 2978 1032 3041 quod
1044 2980 1072 3027 iu

5 3094 7 3099 .
101 3050 220 3114 marpiue
233 3048 280 3098 sub
295 3048 381 3099 eodem
394 3050 470 3114 sipuo
484 3050 605 3111 supplere
620 3047 714 3098 obiitus
726 3056 772 3097 est.
801 3056 871 3099 certe
885 3064 937 3099 nou
951 3049 1071 3099 dubitau-

102 3120 171 3177 dam,
187 3122 263 3169 etiam
277 3120 348 3181 apud
356 3121 523 3185 peregriaos,
538 3120 640 3169 etiamsi
652 3135 812 3179 aesomnes,
827 3123 952 3184 patronis
965 3121 1074 3185 aliquod

20 3240 24 3247 ,
102 3192 145 3239 ius
159 3191 187 3238 iu
202 3190 275 3241 honis
289 3190 440 3241 libertorum
450 3191 544 3256 fuisse.
583 3187 604 3254 ³)
620 3197 718 3239 senatus
735 3191 761 3240 Ο.
773 3192 831 3241 edd.
846 3191 894 3257 By.
909 3191 983 3241 Stoa.
999 3192 1035 3255 cf.
1050 3204 1071 3249 1,

100 3272 136 3313 54.
189 3258 210 3327 ⁴)
226 3260 328 3311 Audiat
337 3270 504 3327 superpetuo
522 3261 583 3311 Gaii
596 3276 674 3311 more.
722 3258 744 3327 ⁶)
758 3261 882 3327 Sequitur
897 3265 967 3313 linea
979 3277 1071 3311 uacua.

103 3326 185 3399 ³)an
199 3330 261 3398 Dip.
276 3340 301 3382 et
314 3331 379 3382 Iast.
393 3336 518 3398 supplevi.

172 3453 199 3526 ξ.
214 3460 258 3507 46.
281 3457 320 3520 Cf.
335 3472 417 3519 supra
431 3458 455 3517 ξ.
471 3458 518 3507 21⁸.
543 3457 575 3506 L.
591 3470 624 3509 tt.
649 3458 682 3507 D.
697 3458 728 3506 de
746 3459 845 3507 caudit.
860 3465 887 3505 et
899 3458 963 3505 dem.
976 3454 1024 3521 (tt,
1039 3454 1071 3518 1).

101 3525 182 3597 §.iel¹
200 3529 239 3593 Of.
250 3531 273 3590 §-
285 3540 319 3581 ut.
390 3522 436 3665 ἓξ.
447 3530 561 3603 itt-tt.
574 3550 606 3570 =
617 3529 650 3577 L.
661 3540 672 3578 1
684 3544 728 3591 pr.
739 3529 771 3577 D.
783 3530 815 3577 de
828 3527 870 3577 his
884 3529 929 3590 qui
942 3528 985 3575 sui
995 3524 1028 3591 (1,
1038 3523 1071 3591 6).

97 3600 177 3664 me.
192 3600 249 3650 eod.
264 3598 297 3665 (1,
306 3598 339 3663 8).
410 3635 415 3647 .
431 3600 473 3649 to.
491 3598 530 3661 Of.
543 3598 586 3647 Fr.
603 3598 662 3647 Vat.
673 3610 721 3649 298.
732 3608 781 3649 suo.
800 3598 861 3646 Lex
871 3597 944 3645 llas.
954 3596 1027 3658 Satp.
1037 3606 1072 3645 ss.
