2550 4000
210 219 275 283 220
505 237 685 274 ns11nrsr1r.
704 218 726 273 Ι.
745 225 888 277 tul-198.

212 387 320 436 rantur:
342 380 481 451 puberem
502 387 596 437 autem
618 365 744 437 Sabinus
764 380 882 454 quidem,
908 379 1016 438 Cassius
1039 384 1180 456 ceterique

213 465 300 518 nostri
322 473 513 538 praeceptores
537 481 597 521 eum
621 479 680 520 csse
702 459 841 538 ’putant,¹
870 466 916 539 qui
939 466 1032 522 habitu
1055 469 1179 541 eorporis

213 548 387 620 pubertatem
402 550 532 621 ostendit,
547 549 575 605 id
590 558 633 606 est
649 566 721 621 eum,
744 551 795 623 qui
807 566 940 623 generare
954 559 1064 624 potest3
1086 551 1134 606 sed
1149 553 1180 606 in

214 633 263 703 his,
288 635 334 706 qui
354 631 504 707 pubescere
521 651 577 690 non
597 643 724 707 possunt,
747 634 841 706 quales
863 643 928 691 sunt
950 636 1097 709 spadones,
1120 651 1179 690 eam

213 726 328 773 aetatem
344 733 405 774 esse
420 719 604 792 spectandam,
619 720 696 775 ouius
712 720 807 774 aetatis
827 718 946 792 puberes
961 718 1045 789 fiunt3
1069 719 1117 776 sed
1139 721 1180 774 di-

162 818 307 917 53uersae
321 802 431 858 subolae
444 811 569 859 auctores
587 805 664 859 antiis
683 811 777 876 putant
792 803 963 877 pubertatem
978 805 1180 875 aestimandam,

156 869 246 972 ,535¹id
255 895 307 957 est,
329 903 390 942 eum
409 886 537 960 puberem
555 904 615 943 esse
631 888 794 958 existimant,
817 892 868 960 qui
889 880 894 966 Ι
917 895 994 938 ΧΙΗΙ
1013 905 1107 946 annos
1128 904 1181 944 ere·

156 937 364 1043 t's'pleuitn
318 965 364 1028 ²*
377 1001 755 1012 ———————
772 1004 1181 1012 ————-

163 1039 203 1086 54.
197 1073 254 1112 ·.vv
271 1048 932 1114 2-24.197.5.
952 1100 959 1113 .
977 1099 1009 1114 ..
1035 1051 1039 1135 i
1064 1066 1181 1114 aetatem

168 1113 383 1213 '⁸'peruenerit,
406 1144 434 1198 in
457 1158 574 1216 quares
597 1157 661 1197 suas
684 1142 756 1196 tueri
777 1142 881 1213 possit,
903 1143 984 1198 sicuti
1006 1145 1080 1217 apud
1103 1160 1181 1218 pere·
1171 1151 1233 1202 ·iltb

214 1226 304 1298 grinas
325 1235 422 1300 gentes
443 1227 589 1296 custodiri,
612 1227 739 1300 superius
759 1226 946 1290 iudicauimus
989 1223 1055 1285 198.
1078 1228 1143 1284 Ex
1136 1232 1182 1283 n's·

213 1309 274 1366 dem
290 1313 378 1366 causis
394 1321 421 1367 et
437 1313 462 1367 in
480 1312 628 1385 prouinciis
644 1328 657 1366 a
673 1309 843 1386 praesidibus
860 1327 952 1367 earum
969 1321 1108 1368 curatores
1125 1312 1182 1368 dari

214 1393 322 1450 ’uoltiit
332 1389 345 1427 5

289 1532 309 1601 5)
324 1535 466 1586 Librarius
484 1539 594 1587 alteram
611 1537 739 1602 syllabam
752 1553 845 1588 errore
863 1537 903 1587 bis
916 1539 1055 1602 scripsisse
1069 1540 1181 1588 uidetur.

216 1602 237 1670 5)
251 1606 283 1655 In
294 1623 322 1670 p.
337 1619 371 1659 ot.
403 1606 484 1656 Gaius
494 1610 606 1671 primum
621 1609 653 1658 de
663 1608 801 1672 pubertate
812 1609 918 1659 Neratii
930 1609 1021 1660 Prisci
1029 1613 1181 1660 sententiam

215 1676 285 1743 (Uip.
301 1691 334 1734 11.
349 1676 386 1744 28)
401 1678 542 1738 addidisse,
557 1680 653 1729 deinde
666 1681 703 1728 ad
715 1695 761 1729 eas
770 1696 908 1744 personas,
923 1683 1030 1745 quaein
1045 1683 1182 1739 curatione

214 1756 274 1798 sunt
283 1748 328 1816 (cf.
340 1762 361 1812 1,
376 1760 423 1800 142.
434 1749 493 1815 14³),
508 1753 645 1800 transiisse
660 1751 771 1810 uidetur,
786 1751 925 1816 dequibus
940 1751 1006 1802 baec
1019 1751 1096 1802 babet
1108 1752 1180 1817 Epit.

215 1833 235 1882 1,
245 1832 280 1871 8.:
296 1817 430 1870 ‘Peractis
440 1821 618 1885 pupillaribus
632 1824 717 1880 annis,
732 1821 825 1887 quibus
840 1830 940 1872 tutores
953 1822 1132 1884 absoluantur,
1147 1825 1183 1872 ad

215 1898 352 1941 curatores
370 1893 439 1941 ratio
458 1893 584 1942 minorum
608 1893 703 1957 incipit
720 1895 863 1956 pertinere.
909 1892 963 1943 Sub
981 1901 1104 1944 curatore
1122 1903 1182 1944 sunt

215 1964 327 2013 minores
341 1969 433 2021 aetate,
448 1965 559 2014 maiores
572 1978 717 2024 euersores,
731 1965 828 2015 insani.
862 1964 909 2024 IIi,
928 1967 974 2030 qai
987 1967 1100 2017 minores
1112 1972 1181 2025 sunt,

121 2070 126 2081 .
215 2035 345 2099 usquead
358 2036 453 2100 uipinti
466 2042 491 2084 et
505 2037 615 2100 quinque
629 2052 713 2086 annos
722 2037 838 2119 impletos
847 2036 895 2087 sub
905 2044 1029 2087 curatore
1036 2045 1104 2087 sunt
1132 2036 1181 2097 Qui

215 2121 278 2155 uero
293 2120 429 2156 euersores
441 2108 511 2155 aut'
500 2109 589 2156 insani
602 2114 671 2167 sunt,
685 2109 754 2157 omni
767 2114 880 2171 tempore
889 2109 960 2157 uitae
972 2123 1036 2158 suae
1045 2108 1093 2158 sab
1102 2125 1180 2159 cura-

215 2184 271 2227 tore
284 2192 340 2227 esse
354 2177 483 2236 iubentur,
497 2194 542 2242 qus
537 2178 726 2227 'substantiam
739 2193 813 2228 suam
826 2178 1021 2229 rationabiliter
1031 2180 1181 2245 pubernare

215 2264 265 2298 noa
276 2245 405 2313 possunt.’
464 2244 485 2314 5)
503 2248 584 2297 Gaius
594 2251 709 2333 primum
723 2256 751 2298 at
764 2249 945 2313 Ulp.1u‚1—4.
959 2251 992 2300 de
1006 2251 1180 2309 curatoribus,

215 2320 259 2383 qai
277 2335 312 2368 eac
331 2322 387 2383 lepe
402 2322 452 2363 ΧΗ
469 2319 575 2369 tubuel
592 2320 841 2383 abrpsupraetore
859 2324 899 2371 uel
917 2336 952 2371 eac
971 2323 1026 2388 lepe
1045 2322 1180 2373 Plaetoria

214 2390 320 2447 dantur,
334 2390 482 2452 disputasse
499 2397 525 2439 et
543 2390 636 2439 deinde
649 2405 697 2439 suo
712 2406 782 2441 more
799 2392 934 2442 addidisse
948 2393 1060 2452 uidetur,
1077 2395 1165 2458 quid
1154 2410 1180 2442 an

215 2460 263 2510 boc
284 2462 341 2509 iure
366 2462 483 2508 naturali
505 2461 607 2510 ratione
630 2463 795 2511 constitutum
816 2465 897 2526 (uelut
915 2464 1036 2527 furiosos
1058 2472 1181 2517 curatore

215 2528 293 2595 regi),
313 2531 377 2594 quid
389 2532 459 2579 iuris
472 2532 558 2580 ciuilis
567 2534 609 2581 sit.
635 2531 734 2581 Cinium
744 2532 816 2583 Rom.
826 2536 967 2598 proprium
976 2550 1040 2595 esre,
1054 2538 1125 2600 quod
1132 2535 1181 2586 'lea

217 2602 352 2651 Plaetoria
367 2609 504 2651 curatores
517 2618 552 2651 eae
570 2604 647 2651 iustis
661 2605 749 2653 causis
760 2605 904 2655 minoribus
917 2609 985 2651 m
996 2619 1057 2655 ann.
1073 2622 1090 2656 a
1100 2623 1180 2671 prae-

215 2680 271 2723 tore
285 2672 385 2723 urbano
401 2673 463 2722 dari
477 2674 560 2731 iussit,
580 2690 636 2723 cum
655 2676 771 2739 alioquin
790 2678 910 2725 natarali
922 2678 1022 2727 rationi
1036 2680 1179 2737 conueniat,

216 2752 243 2793 ut
257 2746 281 2794 is
294 2751 392 2794 tantum
411 2746 522 2793 aliorum
541 2745 653 2795 arbitrio
672 2753 793 2811 repatur,
812 2749 858 2811 qui
873 2748 986 2797 nondum
999 2748 1036 2797 ud
1049 2763 1101 2797 eam
1115 2756 1180 2798 aeta-

215 2824 263 2865 tem
277 2812 428 2879 perueuorit'
444 2822 493 2865 etc.
520 2815 560 2865 Ile
574 2817 741 2867 curatoribus
758 2818 857 2867 adultis
874 2825 1024 2869 testamento
1043 2820 1114 2870 datis
1126 2828 1151 2869 et
1163 2837 1180 2869 a

210 2894 336 2951 praetore
351 2887 510 2949 confirmatis
527 2887 618 2937 Gaium
628 2890 720 2953 spisse,
735 2896 763 2938 ut
776 2891 832 2939 uult
842 2890 882 2938 ed.
892 2888 976 2949 stud„
990 2890 1116 2941 credibile
1129 2907 1179 2941 uon

215 2965 260 3007 est.
285 2958 323 3021 Cf.
335 2959 359 3019 ἕ.
371 2968 417 3008 189.
441 2956 477 3007 Et
490 2958 522 3007 de
532 2974 583 3009 non
594 2961 653 3008 iure
662 2960 788 3011 datissed
797 2962 956 3023 confirmatis
968 2960 1058 3021 Gaius,
1074 2964 1100 3012 si
1111 2956 1180 3013 uole-

215 3028 270 3089 bat,
286 3030 376 3091 potius
394 3030 421 3076 in
440 3028 569 3079 tutoribus
586 3046 666 3095 apere
684 3030 821 3082 debuisset.
886 3029 907 3098 ⁴)
927 3032 1010 3082 uolunt
1033 3033 1061 3082 V
1061 3030 1094 3094 55,
1113 3034 1181 3099 quod

216 3101 286 3149 nullo
309 3100 384 3149 modo
402 3100 504 3149 uidetur
519 3100 592 3164 ferri
610 3116 696 3166 posse.
734 3102 811 3151 solent
833 3102 941 3155 Laeta
964 3106 1012 3167 φ’..
1033 3111 1062 3154 ut
1078 3106 1180 3155 eaedem

215 3186 310 3219 causae
324 3177 442 3234 spectant
451 3172 487 3220 ad
496 3172 623 3235 furiosos,
633 3173 771 3238 prodipos,
785 3174 1053 3234 ntinoresmann„
1065 3178 1178 3240 fortasse

215 3249 292 3291 recte.
326 3240 357 3291 Ut
375 3257 422 3291 nos
440 3245 523 3293 lacuna
541 3245 724 3303 intelleximus,
743 3244 816 3293 votuit
826 3247 942 3309 pertinet
959 3247 996 3295 ud
1009 3248 1089 3311 lepem
1103 3248 1177 3297 Plae-

215 3316 318 3371 torium,
333 3329 408 3378 quam
417 3329 447 3363 eo
457 3321 569 3378 ternpore
584 3317 662 3363 latam
672 3330 735 3373 esse,
750 3330 799 3379 quo
810 3318 1022 3380 iamprouinciae
1036 3320 1064 3367 in
1078 3318 1179 3368 dicione

217 3384 332 3434 Romana
351 3392 438 3448 erant,
458 3387 534 3435 etiam
552 3387 621 3435 alias
640 3385 777 3448 probabile
800 3394 845 3437 est.
884 3387 938 3438 Nec
960 3389 1116 3455 refrapatur
1137 3390 1179 3438 bia

214 3598 233 3646 d
284 3524 387 3663 (§.1s)t.
409 3527 545 3590 Cf.§.189.
600 3522 625 3595 ᾖ.
644 3529 702 3579 198.
720 3528 758 3591 Cf.
771 3528 835 3580 Ias.
855 3531 910 3593 §.a
929 3530 1178 3581 lbdetutetcar.

233 3605 267 3647 at.
295 3608 376 3660 26‚b.
