<?xml version="1.0" encoding="UTF-8"?>
<!DOCTYPE html PUBLIC "-//W3C//DTD XHTML 1.0 Transitional//EN"
    "http://www.w3.org/TR/xhtml1/DTD/xhtml1-transitional.dtd">
<html xmlns="http://www.w3.org/1999/xhtml" xml:lang="en" lang="en">
 <head>
  <title>
</title>
<meta http-equiv="Content-Type" content="text/html;charset=utf-8" />
  <meta name='ocr-system' content='tesseract 3.04.00' />
  <meta name='ocr-capabilities' content='ocr_page ocr_carea ocr_par ocr_line ocrx_word'/>
</head>
<body>
  <div class='ocr_page' id='page_1' title='image "./gaiiinstitution00kbgoog_0025.png"; bbox 0 0 2550 4000; ppageno 0'>
   <div class='ocr_carea' id='block_1_1' title="bbox 551 182 1083 300">
    <p class='ocr_par' dir='ltr' id='par_1_1' title="bbox 551 182 1083 300">
     <span class='ocr_line' id='line_1_1' title="bbox 551 182 1083 300; baseline 0.015 -8"><span class='ocrx_word' id='word_1_1' title='bbox 551 255 642 296; x_wconf 82' lang='lat' dir='ltr'>aarvs.</span> <span class='ocrx_word' id='word_1_2' title='bbox 1021 182 1083 300; x_wconf 75' lang='grc'>165</span> 
     </span>
    </p>
   </div>
   <div class='ocr_carea' id='block_1_2' title="bbox 6 383 1085 2699">
    <p class='ocr_par' dir='ltr' id='par_1_2' title="bbox 6 383 1085 2699">
     <span class='ocr_line' id='line_1_2' title="bbox 110 383 1083 460; baseline 0.006 -24"><span class='ocrx_word' id='word_1_3' title='bbox 110 383 232 438; x_wconf 76' lang='lat' dir='ltr'>Boethio</span> <span class='ocrx_word' id='word_1_4' title='bbox 251 386 281 439; x_wconf 92' lang='lat' dir='ltr'>in</span> <span class='ocrx_word' id='word_1_5' title='bbox 301 387 357 447; x_wconf 79' lang='lat' dir='ltr'>Cic.</span> <span class='ocrx_word' id='word_1_6' title='bbox 371 389 442 459; x_wconf 82' lang='lat' dir='ltr'>Top.</span> <span class='ocrx_word' id='word_1_7' title='bbox 456 409 485 460; x_wconf 88' lang='lat' dir='ltr'>p.</span> <span class='ocrx_word' id='word_1_8' title='bbox 499 390 696 456; x_wconf 71' lang='grc'><strong>3031011111),</strong></span> <span class='ocrx_word' id='word_1_9' title='bbox 713 389 811 442; x_wconf 89' lang='lat' dir='ltr'>tamen</span> <span class='ocrx_word' id='word_1_10' title='bbox 829 403 898 455; x_wconf 89' lang='lat' dir='ltr'>quas</span> <span class='ocrx_word' id='word_1_11' title='bbox 910 387 1083 442; x_wconf 75' lang='lat' dir='ltr'><strong>Veronensis</strong></span> 
     </span>
     <span class='ocr_line' id='line_1_3' title="bbox 60 451 1081 535; baseline 0.006 -30"><span class='ocrx_word' id='word_1_12' title='bbox 60 451 202 512; x_wconf 81' lang='lat' dir='ltr'>[oolcoder</span> <span class='ocrx_word' id='word_1_13' title='bbox 220 457 358 523; x_wconf 74' lang='lat' dir='ltr'>praestat,</span> <span class='ocrx_word' id='word_1_14' title='bbox 376 457 482 535; x_wconf 85' lang='lat' dir='ltr'>partim</span> <span class='ocrx_word' id='word_1_15' title='bbox 499 457 694 527; x_wconf 89' lang='lat' dir='ltr'>ineptissimae</span> <span class='ocrx_word' id='word_1_16' title='bbox 709 458 783 514; x_wconf 85' lang='lat' dir='ltr'>sunt,</span> <span class='ocrx_word' id='word_1_17' title='bbox 806 454 899 520; x_wconf 79' lang='lat' dir='ltr'>Quid?</span> <span class='ocrx_word' id='word_1_18' title='bbox 918 457 996 524; x_wconf 86' lang='lat' dir='ltr'>quod</span> <span class='ocrx_word' id='word_1_19' title='bbox 1008 455 1081 511; x_wconf 88' lang='lat' dir='ltr'>adeo</span> 
     </span>
     <span class='ocr_line' id='line_1_4' title="bbox 112 521 1081 595; baseline 0.004 -21"><span class='ocrx_word' id='word_1_20' title='bbox 112 521 172 574; x_wconf 87' lang='lat' dir='ltr'>eiua</span> <span class='ocrx_word' id='word_1_21' title='bbox 184 522 237 574; x_wconf 87' lang='lat' dir='ltr'>scri</span> <span class='ocrx_word' id='word_1_22' title='bbox 259 525 335 592; x_wconf 83' lang='lat' dir='ltr'>tor*)</span> <span class='ocrx_word' id='word_1_23' title='bbox 348 527 436 595; x_wconf 80' lang='lat' dir='ltr'>stipes</span> <span class='ocrx_word' id='word_1_24' title='bbox 453 526 516 592; x_wconf 85' lang='lat' dir='ltr'>fuit,</span> <span class='ocrx_word' id='word_1_25' title='bbox 536 527 642 579; x_wconf 90' lang='lat' dir='ltr'>utnon</span> <span class='ocrx_word' id='word_1_26' title='bbox 659 524 744 578; x_wconf 91' lang='lat' dir='ltr'>modo</span> <span class='ocrx_word' id='word_1_27' title='bbox 757 522 883 578; x_wconf 81' lang='lat' dir='ltr'>Graecae</span> <span class='ocrx_word' id='word_1_28' title='bbox 900 523 1081 578; x_wconf 73' lang='lat' dir='ltr'>litteraturae</span> 
     </span>
     <span class='ocr_line' id='line_1_5' title="bbox 110 587 1082 673; baseline 0.006 -33"><span class='ocrx_word' id='word_1_29' title='bbox 110 587 222 642; x_wconf 84' lang='lat' dir='ltr'>nescius</span> <span class='ocrx_word' id='word_1_30' title='bbox 253 590 1082 673; x_wconf 71' lang='lat' dir='ltr'>raecaomniavelpraeteriretvellitterishatinisreddens</span> 
     </span>
     <span class='ocr_line' id='line_1_6' title="bbox 110 659 1083 805; baseline 0.004 -27"><span class='ocrx_word' id='word_1_31' title='bbox 110 659 1083 805; x_wconf 46' lang='lat' dir='ltr'>tessarescaedecadas{sacristaniae}</span> 
     </span>
     <span class='ocr_line' id='line_1_7' title="bbox 109 791 1082 865; baseline 0.005 -21"><span class='ocrx_word' id='word_1_32' title='bbox 109 791 215 852; x_wconf 78' lang='lat' dir='ltr'>rudiori.</span> <span class='ocrx_word' id='word_1_33' title='bbox 234 795 285 848; x_wconf 91' lang='lat' dir='ltr'>ubi</span> <span class='ocrx_word' id='word_1_34' title='bbox 298 797 412 850; x_wconf 77' lang='lat' dir='ltr'>rubrica</span> <span class='ocrx_word' id='word_1_35' title='bbox 423 798 567 852; x_wconf 85' lang='lat' dir='ltr'>desineret</span> <span class='ocrx_word' id='word_1_36' title='bbox 579 799 608 851; x_wconf 91' lang='lat' dir='ltr'>et</span> <span class='ocrx_word' id='word_1_37' title='bbox 619 813 693 850; x_wconf 90' lang='lat' dir='ltr'>nova</span> <span class='ocrx_word' id='word_1_38' title='bbox 706 796 797 848; x_wconf 78' lang='lat' dir='ltr'>oratio</span> <span class='ocrx_word' id='word_1_39' title='bbox 807 796 956 862; x_wconf 85' lang='lat' dir='ltr'>morperet,</span> <span class='ocrx_word' id='word_1_40' title='bbox 969 812 1082 865; x_wconf 88' lang='lat' dir='ltr'>expers,</span> 
     </span>
     <span class='ocr_line' id='line_1_8' title="bbox 6 859 1082 934; baseline 0.006 -22"><span class='ocrx_word' id='word_1_41' title='bbox 6 861 9 866; x_wconf 81' lang='grc'>’</span> <span class='ocrx_word' id='word_1_42' title='bbox 108 859 186 914; x_wconf 88' lang='lat' dir='ltr'>haud</span> <span class='ocrx_word' id='word_1_43' title='bbox 199 877 263 917; x_wconf 93' lang='lat' dir='ltr'>raro</span> <span class='ocrx_word' id='word_1_44' title='bbox 276 879 341 916; x_wconf 94' lang='lat' dir='ltr'>cum</span> <span class='ocrx_word' id='word_1_45' title='bbox 350 865 464 920; x_wconf 81' lang='lat' dir='ltr'>rubrica</span> <span class='ocrx_word' id='word_1_46' title='bbox 473 867 506 934; x_wconf 88' lang='lat' dir='ltr'>(si</span> <span class='ocrx_word' id='word_1_47' title='bbox 516 865 601 920; x_wconf 89' lang='lat' dir='ltr'>modo</span> <span class='ocrx_word' id='word_1_48' title='bbox 611 864 726 918; x_wconf 88' lang='lat' dir='ltr'>rubrica</span> <span class='ocrx_word' id='word_1_49' title='bbox 735 864 808 930; x_wconf 89' lang='lat' dir='ltr'>erat)</span> <span class='ocrx_word' id='word_1_50' title='bbox 817 863 905 916; x_wconf 88' lang='lat' dir='ltr'>etiam</span> <span class='ocrx_word' id='word_1_51' title='bbox 915 864 1037 932; x_wconf 77' lang='lat' dir='ltr'>partem,</span> <span class='ocrx_word' id='word_1_52' title='bbox 1049 866 1082 918; x_wconf 92' lang='lat' dir='ltr'>ut</span> 
     </span>
     <span class='ocr_line' id='line_1_9' title="bbox 108 927 1080 1010; baseline 0.004 -29"><span class='ocrx_word' id='word_1_53' title='bbox 108 927 263 995; x_wconf 89' lang='lat' dir='ltr'>plurimum</span> <span class='ocrx_word' id='word_1_54' title='bbox 277 930 419 1001; x_wconf 85' lang='lat' dir='ltr'>integrum</span> <span class='ocrx_word' id='word_1_55' title='bbox 429 951 549 999; x_wconf 86' lang='lat' dir='ltr'>versum,</span> <span class='ocrx_word' id='word_1_56' title='bbox 564 933 631 986; x_wconf 84' lang='lat' dir='ltr'>novi</span> <span class='ocrx_word' id='word_1_57' title='bbox 641 931 755 986; x_wconf 84' lang='lat' dir='ltr'>articuli</span> <span class='ocrx_word' id='word_1_58' title='bbox 764 931 910 985; x_wconf 89' lang='lat' dir='ltr'>omitteret</span> <span class='ocrx_word' id='word_1_59' title='bbox 930 931 995 986; x_wconf 86' lang='lat' dir='ltr'>vide</span> <span class='ocrx_word' id='word_1_60' title='bbox 1006 940 1029 996; x_wconf 88' lang='lat'>1,</span> <span class='ocrx_word' id='word_1_61' title='bbox 1039 937 1080 1010; x_wconf 67' lang='lat' dir='ltr'>ab.</span> 
     </span>
     <span class='ocr_line' id='line_1_10' title="bbox 109 1000 1081 1068; baseline 0.004 -19"><span class='ocrx_word' id='word_1_62' title='bbox 109 1000 151 1052; x_wconf 80' lang='lat'>58.</span> <span class='ocrx_word' id='word_1_63' title='bbox 162 1003 203 1053; x_wconf 80' lang='lat'>65.</span> <span class='ocrx_word' id='word_1_64' title='bbox 213 1003 254 1055; x_wconf 81' lang='grc'><strong>76.</strong></span> <span class='ocrx_word' id='word_1_65' title='bbox 265 1004 305 1052; x_wconf 80' lang='grc'><strong>97.</strong></span> <span class='ocrx_word' id='word_1_66' title='bbox 319 1005 375 1055; x_wconf 88' lang='grc'><strong>108.</strong></span> <span class='ocrx_word' id='word_1_67' title='bbox 394 1009 418 1067; x_wconf 76' lang='grc'>2,</span> <span class='ocrx_word' id='word_1_68' title='bbox 433 1008 455 1055; x_wconf 93' lang='grc'>1.</span> <span class='ocrx_word' id='word_1_69' title='bbox 466 1009 506 1056; x_wconf 79' lang='grc'>91.</span> <span class='ocrx_word' id='word_1_70' title='bbox 527 1009 552 1068; x_wconf 90' lang='grc'>3,</span> <span class='ocrx_word' id='word_1_71' title='bbox 563 1005 655 1055; x_wconf 83' lang='lat'>85.88.</span> <span class='ocrx_word' id='word_1_72' title='bbox 668 1006 725 1056; x_wconf 85' lang='grc'><strong>139.</strong></span> <span class='ocrx_word' id='word_1_73' title='bbox 742 1005 797 1052; x_wconf 71' lang='grc'><strong>161.</strong></span> <span class='ocrx_word' id='word_1_74' title='bbox 817 1005 841 1061; x_wconf 84' lang='lat'>4,</span> <span class='ocrx_word' id='word_1_75' title='bbox 857 1005 900 1066; x_wconf 90' lang='lat' dir='ltr'>l.).</span> <span class='ocrx_word' id='word_1_76' title='bbox 951 1015 984 1053; x_wconf 87' lang='lat' dir='ltr'>ec</span> <span class='ocrx_word' id='word_1_77' title='bbox 996 1000 1081 1054; x_wconf 76' lang='lat' dir='ltr'>facile</span> 
     </span>
     <span class='ocr_line' id='line_1_11' title="bbox 108 1062 1080 1149; baseline 0.004 -33"><span class='ocrx_word' id='word_1_78' title='bbox 108 1062 164 1117; x_wconf 89' lang='lat' dir='ltr'>nisi</span> <span class='ocrx_word' id='word_1_79' title='bbox 175 1064 297 1144; x_wconf 81' lang='lat' dir='ltr'>barbara</span> <span class='ocrx_word' id='word_1_80' title='bbox 306 1071 402 1124; x_wconf 84' lang='lat' dir='ltr'>aetate</span> <span class='ocrx_word' id='word_1_81' title='bbox 414 1086 470 1149; x_wconf 76' lang='lat' dir='ltr'>npn</span> <span class='ocrx_word' id='word_1_82' title='bbox 485 1067 675 1146; x_wconf 79' lang='lat' dir='ltr'>animadverti</span> <span class='ocrx_word' id='word_1_83' title='bbox 686 1068 801 1146; x_wconf 88' lang='lat' dir='ltr'>poterat</span> <span class='ocrx_word' id='word_1_84' title='bbox 811 1066 921 1144; x_wconf 81' lang='lat' dir='ltr'>folium,</span> <span class='ocrx_word' id='word_1_85' title='bbox 939 1069 1015 1134; x_wconf 89' lang='lat' dir='ltr'>qnod</span> <span class='ocrx_word' id='word_1_86' title='bbox 1029 1068 1080 1121; x_wconf 91' lang='lat' dir='ltr'>ali·</span> 
     </span>
     <span class='ocr_line' id='line_1_12' title="bbox 109 1131 1082 1282; baseline 0.007 -30"><span class='ocrx_word' id='word_1_87' title='bbox 109 1131 795 1282; x_wconf 59' lang='lat' dir='ltr'>contrastarearuritensibus</span> <span class='ocrx_word' id='word_1_88' title='bbox 807 1135 1082 1259; x_wconf 64' lang='lat' dir='ltr'>{sariunt</span> 
     </span>
     <span class='ocr_line' id='line_1_13' title="bbox 108 1270 1083 1351; baseline 0.004 -30"><span class='ocrx_word' id='word_1_89' title='bbox 108 1283 175 1346; x_wconf 81' lang='lat' dir='ltr'>mea</span> <span class='ocrx_word' id='word_1_90' title='bbox 186 1270 329 1346; x_wconf 79' lang='lat' dir='ltr'>sententia</span> <span class='ocrx_word' id='word_1_91' title='bbox 341 1277 365 1336; x_wconf 77' lang='lat'>2,</span> <span class='ocrx_word' id='word_1_92' title='bbox 377 1278 497 1339; x_wconf 69' lang='grc'><strong>65-19,</strong></span> <span class='ocrx_word' id='word_1_93' title='bbox 510 1275 543 1328; x_wconf 90' lang='lat' dir='ltr'>ut</span> <span class='ocrx_word' id='word_1_94' title='bbox 555 1272 647 1326; x_wconf 91' lang='lat' dir='ltr'>simile</span> <span class='ocrx_word' id='word_1_95' title='bbox 659 1273 761 1324; x_wconf 81' lang='lat' dir='ltr'>vrtrum</span> <span class='ocrx_word' id='word_1_96' title='bbox 773 1272 885 1349; x_wconf 75' lang='lat' dir='ltr'>taceam</span> <span class='ocrx_word' id='word_1_97' title='bbox 897 1271 934 1324; x_wconf 90' lang='lat' dir='ltr'>ad</span> <span class='ocrx_word' id='word_1_98' title='bbox 946 1276 1040 1337; x_wconf 82' lang='lat'>3‚138.</span> <span class='ocrx_word' id='word_1_99' title='bbox 1061 1287 1083 1351; x_wconf 77' lang='lat' dir='ltr'>a</span> 
     </span>
     <span class='ocr_line' id='line_1_14' title="bbox 109 1335 1081 1410; baseline 0.002 -20"><span class='ocrx_word' id='word_1_100' title='bbox 109 1351 155 1390; x_wconf 91' lang='lat' dir='ltr'>me</span> <span class='ocrx_word' id='word_1_101' title='bbox 167 1335 334 1392; x_wconf 77' lang='lat' dir='ltr'>indicatum.</span> <span class='ocrx_word' id='word_1_102' title='bbox 358 1339 440 1406; x_wconf 81' lang='lat' dir='ltr'>Quid,</span> <span class='ocrx_word' id='word_1_103' title='bbox 458 1341 533 1410; x_wconf 90' lang='lat' dir='ltr'>quod</span> <span class='ocrx_word' id='word_1_104' title='bbox 546 1343 575 1395; x_wconf 88' lang='lat' dir='ltr'>et</span> <span class='ocrx_word' id='word_1_105' title='bbox 593 1341 668 1394; x_wconf 84' lang='lat' dir='ltr'>totas</span> <span class='ocrx_word' id='word_1_106' title='bbox 680 1339 836 1393; x_wconf 79' lang='lat' dir='ltr'>sententias</span> <span class='ocrx_word' id='word_1_107' title='bbox 853 1337 998 1392; x_wconf 78' lang='lat' dir='ltr'>interdum</span> <span class='ocrx_word' id='word_1_108' title='bbox 1011 1357 1081 1394; x_wconf 88' lang='lat' dir='ltr'>omr-</span> 
     </span>
     <span class='ocr_line' id='line_1_15' title="bbox 109 1402 1081 1474; baseline 0.004 -18"><span class='ocrx_word' id='word_1_109' title='bbox 109 1402 157 1468; x_wconf 88' lang='lat' dir='ltr'>sit,</span> <span class='ocrx_word' id='word_1_110' title='bbox 174 1403 255 1459; x_wconf 78' lang='lat' dir='ltr'>velut</span> <span class='ocrx_word' id='word_1_111' title='bbox 275 1412 326 1470; x_wconf 86' lang='lat' dir='ltr'>1,o</span> <span class='ocrx_word' id='word_1_112' title='bbox 345 1410 453 1463; x_wconf 85' lang='lat' dir='ltr'>etanta</span> <span class='ocrx_word' id='word_1_113' title='bbox 467 1416 508 1465; x_wconf 89' lang='lat'>18.</span> <span class='ocrx_word' id='word_1_114' title='bbox 529 1416 552 1472; x_wconf 73' lang='lat'>2,</span> <span class='ocrx_word' id='word_1_115' title='bbox 566 1413 624 1462; x_wconf 80' lang='lat'>269.</span> <span class='ocrx_word' id='word_1_116' title='bbox 654 1406 719 1462; x_wconf 87' lang='lat' dir='ltr'>Noli</span> <span class='ocrx_word' id='word_1_117' title='bbox 732 1422 800 1460; x_wconf 86' lang='lat' dir='ltr'>vero</span> <span class='ocrx_word' id='word_1_118' title='bbox 813 1405 934 1474; x_wconf 81' lang='lat' dir='ltr'>opinari,</span> <span class='ocrx_word' id='word_1_119' title='bbox 953 1408 1081 1462; x_wconf 91' lang='lat' dir='ltr'>omnium</span> 
     </span>
     <span class='ocr_line' id='line_1_16' title="bbox 109 1470 1081 1544; baseline 0.005 -21"><span class='ocrx_word' id='word_1_120' title='bbox 109 1470 211 1524; x_wconf 91' lang='lat' dir='ltr'>horum</span> <span class='ocrx_word' id='word_1_121' title='bbox 220 1472 353 1528; x_wconf 87' lang='lat' dir='ltr'>vitiorum</span> <span class='ocrx_word' id='word_1_122' title='bbox 362 1475 455 1544; x_wconf 89' lang='lat' dir='ltr'>ipsum</span> <span class='ocrx_word' id='word_1_123' title='bbox 466 1477 570 1531; x_wconf 88' lang='lat' dir='ltr'>codicis</span> <span class='ocrx_word' id='word_1_124' title='bbox 575 1473 746 1530; x_wconf 88' lang='lat' dir='ltr'>Veronensis</span> <span class='ocrx_word' id='word_1_125' title='bbox 755 1475 924 1543; x_wconf 74' lang='lat' dir='ltr'>scriptorem</span> <span class='ocrx_word' id='word_1_126' title='bbox 933 1478 1081 1530; x_wconf 85' lang='lat' dir='ltr'>auctorem</span> 
     </span>
     <span class='ocr_line' id='line_1_17' title="bbox 108 1539 1081 1612; baseline 0.006 -21"><span class='ocrx_word' id='word_1_127' title='bbox 108 1539 204 1593; x_wconf 87' lang='lat' dir='ltr'>fnisse.</span> <span class='ocrx_word' id='word_1_128' title='bbox 228 1539 261 1593; x_wconf 91' lang='lat' dir='ltr'>In</span> <span class='ocrx_word' id='word_1_129' title='bbox 274 1540 345 1596; x_wconf 90' lang='lat' dir='ltr'>libro</span> <span class='ocrx_word' id='word_1_130' title='bbox 358 1544 443 1599; x_wconf 86' lang='lat' dir='ltr'>toties</span> <span class='ocrx_word' id='word_1_131' title='bbox 452 1545 632 1612; x_wconf 84' lang='lat' dir='ltr'>maximeque</span> <span class='ocrx_word' id='word_1_132' title='bbox 642 1544 786 1609; x_wconf 83' lang='lat' dir='ltr'>iuvenum,</span> <span class='ocrx_word' id='word_1_133' title='bbox 800 1541 849 1611; x_wconf 88' lang='lat' dir='ltr'>qui</span> <span class='ocrx_word' id='word_1_134' title='bbox 859 1542 944 1598; x_wconf 83' lang='lat' dir='ltr'>facile</span> <span class='ocrx_word' id='word_1_135' title='bbox 956 1543 1081 1612; x_wconf 90' lang='lat' dir='ltr'>decipie-</span> 
     </span>
     <span class='ocr_line' id='line_1_18' title="bbox 107 1606 1081 1691; baseline 0.007 -32"><span class='ocrx_word' id='word_1_136' title='bbox 107 1606 221 1673; x_wconf 83' lang='lat' dir='ltr'>bantur,</span> <span class='ocrx_word' id='word_1_137' title='bbox 235 1608 265 1661; x_wconf 90' lang='lat' dir='ltr'>in</span> <span class='ocrx_word' id='word_1_138' title='bbox 277 1626 359 1663; x_wconf 89' lang='lat' dir='ltr'>usum</span> <span class='ocrx_word' id='word_1_139' title='bbox 372 1610 514 1691; x_wconf 87' lang='lat' dir='ltr'>descripto</span> <span class='ocrx_word' id='word_1_140' title='bbox 526 1613 604 1667; x_wconf 88' lang='lat' dir='ltr'>haud</span> <span class='ocrx_word' id='word_1_141' title='bbox 615 1627 709 1680; x_wconf 87' lang='lat' dir='ltr'>pauca</span> <span class='ocrx_word' id='word_1_142' title='bbox 719 1611 779 1666; x_wconf 89' lang='lat' dir='ltr'>sine</span> <span class='ocrx_word' id='word_1_143' title='bbox 792 1609 879 1664; x_wconf 91' lang='lat' dir='ltr'>dubio</span> <span class='ocrx_word' id='word_1_144' title='bbox 891 1611 1081 1690; x_wconf 76' lang='lat' dir='ltr'>antiquiorem</span> 
     </span>
     <span class='ocr_line' id='line_1_19' title="bbox 108 1674 1080 1749; baseline 0.007 -22"><span class='ocrx_word' id='word_1_145' title='bbox 108 1674 271 1729; x_wconf 89' lang='lat' dir='ltr'>habuerunt</span> <span class='ocrx_word' id='word_1_146' title='bbox 281 1678 420 1747; x_wconf 78' lang='lat' dir='ltr'>originem</span> <span class='ocrx_word' id='word_1_147' title='bbox 427 1682 451 1733; x_wconf 85' lang='lat'>:²</span> <span class='ocrx_word' id='word_1_148' title='bbox 462 1681 492 1734; x_wconf 89' lang='lat' dir='ltr'>rd</span> <span class='ocrx_word' id='word_1_149' title='bbox 502 1681 579 1749; x_wconf 90' lang='lat' dir='ltr'>quod</span> <span class='ocrx_word' id='word_1_150' title='bbox 586 1681 790 1749; x_wconf 85' lang='lat' dir='ltr'>circumspecto</span> <span class='ocrx_word' id='word_1_151' title='bbox 800 1678 898 1733; x_wconf 88' lang='lat' dir='ltr'>critico</span> <span class='ocrx_word' id='word_1_152' title='bbox 908 1678 937 1732; x_wconf 92' lang='lat' dir='ltr'>in</span> <span class='ocrx_word' id='word_1_153' title='bbox 947 1680 990 1732; x_wconf 89' lang='lat' dir='ltr'>lus</span> <span class='ocrx_word' id='word_1_154' title='bbox 999 1695 1080 1749; x_wconf 90' lang='lat' dir='ltr'>prae·</span> 
     </span>
     <span class='ocr_line' id='line_1_20' title="bbox 109 1743 1080 1817; baseline 0.006 -21"><span class='ocrx_word' id='word_1_155' title='bbox 109 1743 207 1796; x_wconf 88' lang='lat' dir='ltr'>sertim</span> <span class='ocrx_word' id='word_1_156' title='bbox 219 1745 377 1800; x_wconf 88' lang='lat' dir='ltr'>notandum</span> <span class='ocrx_word' id='word_1_157' title='bbox 389 1749 442 1812; x_wconf 79' lang='lat' dir='ltr'>est,</span> <span class='ocrx_word' id='word_1_158' title='bbox 456 1765 529 1817; x_wconf 88' lang='lat' dir='ltr'>quae</span> <span class='ocrx_word' id='word_1_159' title='bbox 543 1748 695 1816; x_wconf 85' lang='lat' dir='ltr'>aliquando</span> <span class='ocrx_word' id='word_1_160' title='bbox 706 1746 873 1802; x_wconf 83' lang='lat' dir='ltr'>exciderunt</span> <span class='ocrx_word' id='word_1_161' title='bbox 884 1748 914 1800; x_wconf 91' lang='lat' dir='ltr'>et</span> <span class='ocrx_word' id='word_1_162' title='bbox 926 1747 963 1800; x_wconf 84' lang='lat' dir='ltr'>ad</span> <span class='ocrx_word' id='word_1_163' title='bbox 975 1747 1080 1817; x_wconf 79' lang='lat' dir='ltr'>margi-</span> 
     </span>
     <span class='ocr_line' id='line_1_21' title="bbox 107 1810 1080 1884; baseline 0.008 -22"><span class='ocrx_word' id='word_1_164' title='bbox 107 1825 175 1865; x_wconf 87' lang='lat' dir='ltr'>nem</span> <span class='ocrx_word' id='word_1_165' title='bbox 186 1810 323 1868; x_wconf 89' lang='lat' dir='ltr'>librorum</span> <span class='ocrx_word' id='word_1_166' title='bbox 337 1815 408 1869; x_wconf 86' lang='lat' dir='ltr'>alius</span> <span class='ocrx_word' id='word_1_167' title='bbox 426 1818 500 1872; x_wconf 88' lang='lat' dir='ltr'>forte</span> <span class='ocrx_word' id='word_1_168' title='bbox 512 1817 621 1870; x_wconf 84' lang='lat' dir='ltr'>formae</span> <span class='ocrx_word' id='word_1_169' title='bbox 633 1815 853 1884; x_wconf 77' lang='lat' dir='ltr'>longiorumque</span> <span class='ocrx_word' id='word_1_170' title='bbox 867 1830 1001 1868; x_wconf 86' lang='lat' dir='ltr'>versuum</span> <span class='ocrx_word' id='word_1_171' title='bbox 1013 1832 1080 1884; x_wconf 90' lang='lat' dir='ltr'>sup-</span> 
     </span>
     <span class='ocr_line' id='line_1_22' title="bbox 108 1877 1083 1951; baseline 0.006 -20"><span class='ocrx_word' id='word_1_172' title='bbox 108 1877 189 1947; x_wconf 90' lang='lat' dir='ltr'>pleta</span> <span class='ocrx_word' id='word_1_173' title='bbox 199 1881 300 1948; x_wconf 88' lang='lat' dir='ltr'>postea</span> <span class='ocrx_word' id='word_1_174' title='bbox 310 1883 404 1938; x_wconf 90' lang='lat' dir='ltr'>alieno</span> <span class='ocrx_word' id='word_1_175' title='bbox 417 1883 479 1939; x_wconf 92' lang='lat' dir='ltr'>loco</span> <span class='ocrx_word' id='word_1_176' title='bbox 493 1885 626 1939; x_wconf 88' lang='lat' dir='ltr'>restituta</span> <span class='ocrx_word' id='word_1_177' title='bbox 638 1886 704 1938; x_wconf 91' lang='lat' dir='ltr'>sunt</span> <span class='ocrx_word' id='word_1_178' title='bbox 713 1883 760 1938; x_wconf 87' lang='lat' dir='ltr'>vel</span> <span class='ocrx_word' id='word_1_179' title='bbox 772 1883 926 1951; x_wconf 87' lang='lat' dir='ltr'>perierunt.</span> <span class='ocrx_word' id='word_1_180' title='bbox 936 1882 1083 1939; x_wconf 83' lang='lat' dir='ltr'>-Habuit</span> 
     </span>
     <span class='ocr_line' id='line_1_23' title="bbox 109 1945 1081 2073; baseline 0.005 -73"><span class='ocrx_word' id='word_1_181' title='bbox 109 1945 197 2001; x_wconf 88' lang='lat' dir='ltr'>codex</span> <span class='ocrx_word' id='word_1_182' title='bbox 216 1947 298 2003; x_wconf 90' lang='lat' dir='ltr'>initio</span> <span class='ocrx_word' id='word_1_183' title='bbox 312 1956 361 2005; x_wconf 79' lang='lat'>129</span> <span class='ocrx_word' id='word_1_184' title='bbox 380 1952 450 2007; x_wconf 89' lang='lat' dir='ltr'>folia</span> <span class='ocrx_word' id='word_1_185' title='bbox 460 1953 568 2007; x_wconf 82' lang='lat' dir='ltr'>formae</span> <span class='ocrx_word' id='word_1_186' title='bbox 581 1952 737 2021; x_wconf 86' lang='lat' dir='ltr'>quadratae</span> <span class='ocrx_word' id='word_1_187' title='bbox 749 1951 870 2015; x_wconf 86' lang='lat' dir='ltr'>mediae,</span> <span class='ocrx_word' id='word_1_188' title='bbox 888 1968 996 2073; x_wconf 52' lang='lat' dir='ltr'>popina</span> <span class='ocrx_word' id='word_1_189' title='bbox 1010 1967 1081 2022; x_wconf 85' lang='lat' dir='ltr'>qua·</span> 
     </span>
     <span class='ocr_line' id='line_1_24' title="bbox 109 2015 1083 2160; baseline 0.008 -26"><span class='ocrx_word' id='word_1_190' title='bbox 109 2015 875 2160; x_wconf 58' lang='lat' dir='ltr'>tlssbfuaqnsstsrn{rattestatis</span> <span class='ocrx_word' id='word_1_191' title='bbox 892 2023 1083 2142; x_wconf 60' lang='lat' dir='ltr'>„effla</span> 
     </span>
     <span class='ocr_line' id='line_1_25' title="bbox 109 2150 1085 2273; baseline 0.008 -71"><span class='ocrx_word' id='word_1_192' title='bbox 109 2150 193 2203; x_wconf 85' lang='lat' dir='ltr'>mrtro</span> <span class='ocrx_word' id='word_1_193' title='bbox 218 2152 248 2205; x_wconf 89' lang='lat' dir='ltr'>et</span> <span class='ocrx_word' id='word_1_194' title='bbox 270 2152 326 2206; x_wconf 87' lang='lat' dir='ltr'>fine</span> <span class='ocrx_word' id='word_1_195' title='bbox 350 2157 456 2223; x_wconf 88' lang='lat' dir='ltr'>operis,</span> <span class='ocrx_word' id='word_1_196' title='bbox 481 2158 512 2210; x_wconf 91' lang='lat' dir='ltr'>et</span> <span class='ocrx_word' id='word_1_197' title='bbox 532 2157 564 2210; x_wconf 89' lang='lat' dir='ltr'>ut</span> <span class='ocrx_word' id='word_1_198' title='bbox 589 2173 678 2209; x_wconf 89' lang='lat' dir='ltr'>unum</span> <span class='ocrx_word' id='word_1_199' title='bbox 701 2170 798 2209; x_wconf 89' lang='lat' dir='ltr'>eorum</span> <span class='ocrx_word' id='word_1_200' title='bbox 821 2170 893 2273; x_wconf 61' lang='lat' dir='ltr'>puae</span> <span class='ocrx_word' id='word_1_201' title='bbox 918 2156 1085 2233; x_wconf 82' lang='lat' dir='ltr'>continebat</span> 
     </span>
     <span class='ocr_line' id='line_1_26' title="bbox 109 2217 1082 2292; baseline 0.009 -22"><span class='ocrx_word' id='word_1_202' title='bbox 109 2217 210 2271; x_wconf 84' lang='lat' dir='ltr'>saltem</span> <span class='ocrx_word' id='word_1_203' title='bbox 229 2235 263 2272; x_wconf 82' lang='lat' dir='ltr'>ex</span> <span class='ocrx_word' id='word_1_204' title='bbox 280 2221 362 2289; x_wconf 90' lang='lat' dir='ltr'>parte</span> <span class='ocrx_word' id='word_1_205' title='bbox 381 2223 497 2278; x_wconf 90' lang='lat' dir='ltr'>aliunde</span> <span class='ocrx_word' id='word_1_206' title='bbox 510 2223 607 2277; x_wconf 75' lang='lat' dir='ltr'>serchi</span> <span class='ocrx_word' id='word_1_207' title='bbox 624 2229 740 2292; x_wconf 90' lang='lat' dir='ltr'>possent</span> <span class='ocrx_word' id='word_1_208' title='bbox 752 2222 810 2290; x_wconf 90' lang='lat' dir='ltr'>(lib.</span> <span class='ocrx_word' id='word_1_209' title='bbox 839 2222 971 2290; x_wconf 88' lang='lat' dir='ltr'>II.in1t.).</span> <span class='ocrx_word' id='word_1_210' title='bbox 1001 2224 1082 2289; x_wconf 82' lang='lat' dir='ltr'>Quae</span> 
     </span>
     <span class='ocr_line' id='line_1_27' title="bbox 109 2286 1084 2361; baseline 0.008 -23"><span class='ocrx_word' id='word_1_211' title='bbox 109 2288 262 2354; x_wconf 83' lang='lat' dir='ltr'>supersunt</span> <span class='ocrx_word' id='word_1_212' title='bbox 283 2286 366 2355; x_wconf 87' lang='lat' dir='ltr'>folia,</span> <span class='ocrx_word' id='word_1_213' title='bbox 390 2292 505 2346; x_wconf 91' lang='lat' dir='ltr'>turbato</span> <span class='ocrx_word' id='word_1_214' title='bbox 529 2290 627 2345; x_wconf 88' lang='lat' dir='ltr'>ordine</span> <span class='ocrx_word' id='word_1_215' title='bbox 651 2290 803 2356; x_wconf 90' lang='lat' dir='ltr'>deletaque</span> <span class='ocrx_word' id='word_1_216' title='bbox 826 2289 921 2359; x_wconf 90' lang='lat' dir='ltr'>priore</span> <span class='ocrx_word' id='word_1_217' title='bbox 941 2291 1084 2361; x_wconf 89' lang='lat' dir='ltr'>scriptura</span> 
     </span>
     <span class='ocr_line' id='line_1_28' title="bbox 107 2354 1080 2427; baseline 0.008 -21"><span class='ocrx_word' id='word_1_218' title='bbox 107 2369 182 2407; x_wconf 84' lang='lat' dir='ltr'>novo</span> <span class='ocrx_word' id='word_1_219' title='bbox 200 2354 291 2409; x_wconf 90' lang='lat' dir='ltr'>codici</span> <span class='ocrx_word' id='word_1_220' title='bbox 309 2357 452 2412; x_wconf 87' lang='lat' dir='ltr'>variorum</span> <span class='ocrx_word' id='word_1_221' title='bbox 471 2359 637 2427; x_wconf 86' lang='lat' dir='ltr'>Hieronymi</span> <span class='ocrx_word' id='word_1_222' title='bbox 657 2374 673 2412; x_wconf 94' lang='lat' dir='ltr'>o</span> <span class='ocrx_word' id='word_1_223' title='bbox 695 2374 775 2412; x_wconf 90' lang='lat' dir='ltr'>erum</span> <span class='ocrx_word' id='word_1_224' title='bbox 797 2357 927 2412; x_wconf 83' lang='lat' dir='ltr'>faciendo</span> <span class='ocrx_word' id='word_1_225' title='bbox 945 2359 1080 2414; x_wconf 84' lang='lat' dir='ltr'>inservie-</span> 
     </span>
     <span class='ocr_line' id='line_1_29' title="bbox 106 2376 1082 2498; baseline 0.01 -26"><span class='ocrx_word' id='word_1_226' title='bbox 106 2422 187 2498; x_wconf 82' lang='lat' dir='ltr'>runt,</span> <span class='ocrx_word' id='word_1_227' title='bbox 213 2421 255 2476; x_wconf 88' lang='lat' dir='ltr'>ita</span> <span class='ocrx_word' id='word_1_228' title='bbox 277 2425 311 2476; x_wconf 92' lang='lat' dir='ltr'>ut</span> <span class='ocrx_word' id='word_1_229' title='bbox 333 2427 431 2491; x_wconf 85' lang='lat' dir='ltr'>paucis</span> <span class='ocrx_word' id='word_1_230' title='bbox 455 2427 581 2496; x_wconf 83' lang='lat' dir='ltr'>exceptis</span> <span class='ocrx_word' id='word_1_231' title='bbox 604 2376 706 2491; x_wconf 66' lang='lat' dir='ltr'>semesi,</span> <span class='ocrx_word' id='word_1_232' title='bbox 734 2424 847 2480; x_wconf 88' lang='lat' dir='ltr'>circiter</span> <span class='ocrx_word' id='word_1_233' title='bbox 872 2428 991 2494; x_wconf 85' lang='lat' dir='ltr'>quartae</span> <span class='ocrx_word' id='word_1_234' title='bbox 1015 2444 1082 2482; x_wconf 89' lang='lat' dir='ltr'>vero</span> 
     </span>
     <span class='ocr_line' id='line_1_30' title="bbox 106 2488 1081 2563; baseline 0.008 -22"><span class='ocrx_word' id='word_1_235' title='bbox 106 2488 239 2543; x_wconf 88' lang='lat' dir='ltr'>fohorum</span> <span class='ocrx_word' id='word_1_236' title='bbox 257 2491 335 2558; x_wconf 88' lang='lat' dir='ltr'>parti</span> <span class='ocrx_word' id='word_1_237' title='bbox 352 2493 423 2548; x_wconf 88' lang='lat' dir='ltr'>adeo</span> <span class='ocrx_word' id='word_1_238' title='bbox 441 2494 484 2548; x_wconf 90' lang='lat' dir='ltr'>bis</span> <span class='ocrx_word' id='word_1_239' title='bbox 496 2511 571 2550; x_wconf 88' lang='lat' dir='ltr'>nova</span> <span class='ocrx_word' id='word_1_240' title='bbox 583 2495 724 2563; x_wconf 88' lang='lat' dir='ltr'>scriptura</span> <span class='ocrx_word' id='word_1_241' title='bbox 739 2494 943 2563; x_wconf 88' lang='lat' dir='ltr'>imponeretur.</span> <span class='ocrx_word' id='word_1_242' title='bbox 971 2494 1081 2551; x_wconf 85' lang='lat' dir='ltr'>Lectio-</span> 
     </span>
     <span class='ocr_line' id='line_1_31' title="bbox 106 2559 1081 2629; baseline 0.01 -21"><span class='ocrx_word' id='word_1_243' title='bbox 106 2572 173 2609; x_wconf 90' lang='lat' dir='ltr'>nem</span> <span class='ocrx_word' id='word_1_244' title='bbox 196 2559 346 2626; x_wconf 87' lang='lat' dir='ltr'>praeterea</span> <span class='ocrx_word' id='word_1_245' title='bbox 373 2562 521 2629; x_wconf 81' lang='lat' dir='ltr'>frequente</span> <span class='ocrx_word' id='word_1_246' title='bbox 547 2562 683 2629; x_wconf 83' lang='lat' dir='ltr'>siglarum</span> <span class='ocrx_word' id='word_1_247' title='bbox 706 2562 766 2615; x_wconf 87' lang='lat' dir='ltr'>sive</span> <span class='ocrx_word' id='word_1_248' title='bbox 787 2563 921 2615; x_wconf 85' lang='lat' dir='ltr'>notarum</span> <span class='ocrx_word' id='word_1_249' title='bbox 946 2581 1000 2618; x_wconf 89' lang='lat' dir='ltr'>usu</span> <span class='ocrx_word' id='word_1_250' title='bbox 1028 2564 1081 2618; x_wconf 94' lang='lat' dir='ltr'>im·</span> 
     </span>
     <span class='ocr_line' id='line_1_32' title="bbox 106 2623 1080 2699; baseline 0.009 -22"><span class='ocrx_word' id='word_1_251' title='bbox 106 2623 242 2691; x_wconf 88' lang='lat' dir='ltr'>pediente</span> <span class='ocrx_word' id='word_1_252' title='bbox 254 2642 289 2680; x_wconf 85' lang='lat' dir='ltr'>ex</span> <span class='ocrx_word' id='word_1_253' title='bbox 299 2642 395 2683; x_wconf 85' lang='lat' dir='ltr'>earum</span> <span class='ocrx_word' id='word_1_254' title='bbox 406 2646 520 2699; x_wconf 81' lang='lat' dir='ltr'>genere,</span> <span class='ocrx_word' id='word_1_255' title='bbox 530 2645 604 2696; x_wconf 91' lang='lat' dir='ltr'>quae</span> <span class='ocrx_word' id='word_1_256' title='bbox 616 2630 878 2685; x_wconf 88' lang='lat' dir='ltr'>antelustinianum</span> <span class='ocrx_word' id='word_1_257' title='bbox 888 2630 917 2683; x_wconf 94' lang='lat' dir='ltr'>in</span> <span class='ocrx_word' id='word_1_258' title='bbox 927 2648 980 2685; x_wconf 86' lang='lat' dir='ltr'>usu</span> <span class='ocrx_word' id='word_1_259' title='bbox 990 2632 1080 2698; x_wconf 83' lang='lat' dir='ltr'>suere,</span> 
     </span>
    </p>
   </div>
   <div class='ocr_carea' id='block_1_3' title="bbox 104 2785 1082 3706">
    <p class='ocr_par' dir='ltr' id='par_1_3' title="bbox 104 2785 1082 3706">
     <span class='ocr_line' id='line_1_33' title="bbox 106 2785 1079 2852; baseline 0.007 -20"><span class='ocrx_word' id='word_1_260' title='bbox 106 2785 207 2846; x_wconf 79' lang='lat' dir='ltr'>singulis</span> <span class='ocrx_word' id='word_1_261' title='bbox 221 2788 329 2836; x_wconf 87' lang='lat' dir='ltr'>materiis</span> <span class='ocrx_word' id='word_1_262' title='bbox 344 2788 454 2852; x_wconf 87' lang='lat' dir='ltr'>inscripti</span> <span class='ocrx_word' id='word_1_263' title='bbox 468 2796 562 2851; x_wconf 84' lang='lat' dir='ltr'>essent,</span> <span class='ocrx_word' id='word_1_264' title='bbox 582 2790 646 2838; x_wconf 89' lang='lat' dir='ltr'>idem</span> <span class='ocrx_word' id='word_1_265' title='bbox 661 2789 773 2850; x_wconf 80' lang='lat' dir='ltr'>contigit,</span> <span class='ocrx_word' id='word_1_266' title='bbox 792 2789 936 2852; x_wconf 89' lang='lat' dir='ltr'>tandemque</span> <span class='ocrx_word' id='word_1_267' title='bbox 950 2790 1038 2839; x_wconf 77' lang='lat' dir='ltr'>Alarici</span> <span class='ocrx_word' id='word_1_268' title='bbox 1054 2797 1079 2839; x_wconf 87' lang='lat' dir='ltr'>et</span> 
     </span>
     <span class='ocr_line' id='line_1_34' title="bbox 106 2856 1081 2923; baseline 0.004 -18"><span class='ocrx_word' id='word_1_269' title='bbox 106 2856 232 2905; x_wconf 87' lang='lat' dir='ltr'>iustiniani</span> <span class='ocrx_word' id='word_1_270' title='bbox 247 2865 333 2921; x_wconf 87' lang='lat' dir='ltr'>aetate,</span> <span class='ocrx_word' id='word_1_271' title='bbox 352 2860 393 2923; x_wconf 86' lang='lat' dir='ltr'>qui</span> <span class='ocrx_word' id='word_1_272' title='bbox 408 2861 480 2909; x_wconf 87' lang='lat' dir='ltr'>etiarn</span> <span class='ocrx_word' id='word_1_273' title='bbox 495 2862 569 2910; x_wconf 89' lang='lat' dir='ltr'>totius</span> <span class='ocrx_word' id='word_1_274' title='bbox 584 2860 643 2909; x_wconf 90' lang='lat' dir='ltr'>iuris</span> <span class='ocrx_word' id='word_1_275' title='bbox 658 2860 736 2909; x_wconf 85' lang='lat' dir='ltr'>civilis</span> <span class='ocrx_word' id='word_1_276' title='bbox 751 2860 870 2908; x_wconf 88' lang='lat' dir='ltr'>enucleati</span> <span class='ocrx_word' id='word_1_277' title='bbox 885 2860 993 2909; x_wconf 87' lang='lat' dir='ltr'>codicem</span> <span class='ocrx_word' id='word_1_278' title='bbox 1008 2861 1081 2923; x_wconf 71' lang='lat' dir='ltr'>biga·</span> 
     </span>
     <span class='ocr_line' id='line_1_35' title="bbox 106 2928 1081 2994; baseline 0.007 -20"><span class='ocrx_word' id='word_1_279' title='bbox 106 2932 199 2975; x_wconf 86' lang='lat' dir='ltr'>storum</span> <span class='ocrx_word' id='word_1_280' title='bbox 213 2928 244 2976; x_wconf 90' lang='lat' dir='ltr'>ad</span> <span class='ocrx_word' id='word_1_281' title='bbox 259 2930 363 2979; x_wconf 89' lang='lat' dir='ltr'>edictum</span> <span class='ocrx_word' id='word_1_282' title='bbox 378 2938 502 2994; x_wconf 83' lang='lat' dir='ltr'>spectante</span> <span class='ocrx_word' id='word_1_283' title='bbox 516 2931 612 2980; x_wconf 88' lang='lat' dir='ltr'>nomine</span> <span class='ocrx_word' id='word_1_284' title='bbox 626 2931 767 2994; x_wconf 83' lang='lat' dir='ltr'>appellavit,</span> <span class='ocrx_word' id='word_1_285' title='bbox 787 2944 816 2978; x_wconf 93' lang='lat' dir='ltr'>eo</span> <span class='ocrx_word' id='word_1_286' title='bbox 830 2937 970 2994; x_wconf 84' lang='lat' dir='ltr'>perventum</span> <span class='ocrx_word' id='word_1_287' title='bbox 984 2938 1034 2994; x_wconf 85' lang='lat' dir='ltr'>est,</span> <span class='ocrx_word' id='word_1_288' title='bbox 1053 2939 1081 2981; x_wconf 88' lang='lat' dir='ltr'>ut</span> 
     </span>
     <span class='ocr_line' id='line_1_36' title="bbox 106 2997 1082 3066; baseline 0.007 -22"><span class='ocrx_word' id='word_1_289' title='bbox 106 2997 143 3046; x_wconf 89' lang='lat' dir='ltr'>vel</span> <span class='ocrx_word' id='word_1_290' title='bbox 159 2999 317 3049; x_wconf 79' lang='lat' dir='ltr'>scholasticae</span> <span class='ocrx_word' id='word_1_291' title='bbox 332 3001 497 3051; x_wconf 85' lang='lat' dir='ltr'>institutiones</span> <span class='ocrx_word' id='word_1_292' title='bbox 516 3004 545 3051; x_wconf 91' lang='lat' dir='ltr'>ab</span> <span class='ocrx_word' id='word_1_293' title='bbox 566 3004 618 3066; x_wconf 90' lang='lat' dir='ltr'>ipso</span> <span class='ocrx_word' id='word_1_294' title='bbox 633 3010 732 3051; x_wconf 87' lang='lat' dir='ltr'>auctore</span> <span class='ocrx_word' id='word_1_295' title='bbox 751 3016 795 3065; x_wconf 90' lang='lat' dir='ltr'>per</span> <span class='ocrx_word' id='word_1_296' title='bbox 813 3008 890 3050; x_wconf 87' lang='lat' dir='ltr'>totum</span> <span class='ocrx_word' id='word_1_297' title='bbox 904 3002 980 3052; x_wconf 85' lang='lat' dir='ltr'>titulis</span> <span class='ocrx_word' id='word_1_298' title='bbox 995 3002 1082 3052; x_wconf 87' lang='lat' dir='ltr'>distri-</span> 
     </span>
     <span class='ocr_line' id='line_1_37' title="bbox 106 3068 1080 3139; baseline 0.009 -24"><span class='ocrx_word' id='word_1_299' title='bbox 106 3068 250 3133; x_wconf 86' lang='lat' dir='ltr'>buerentur,</span> <span class='ocrx_word' id='word_1_300' title='bbox 269 3086 344 3135; x_wconf 88' lang='lat' dir='ltr'>eaque</span> <span class='ocrx_word' id='word_1_301' title='bbox 358 3074 484 3123; x_wconf 89' lang='lat' dir='ltr'>honestior</span> <span class='ocrx_word' id='word_1_302' title='bbox 498 3074 625 3137; x_wconf 85' lang='lat' dir='ltr'>appellatio</span> <span class='ocrx_word' id='word_1_303' title='bbox 641 3080 726 3136; x_wconf 87' lang='lat' dir='ltr'>postea</span> <span class='ocrx_word' id='word_1_304' title='bbox 740 3071 808 3139; x_wconf 89' lang='lat' dir='ltr'>(licet</span> <span class='ocrx_word' id='word_1_305' title='bbox 821 3073 927 3122; x_wconf 91' lang='lat' dir='ltr'>nondum</span> <span class='ocrx_word' id='word_1_306' title='bbox 940 3074 965 3123; x_wconf 91' lang='lat' dir='ltr'>in</span> <span class='ocrx_word' id='word_1_307' title='bbox 980 3074 1080 3124; x_wconf 82' lang='lat' dir='ltr'>Floren-</span> 
     </span>
     <span class='ocr_line' id='line_1_38' title="bbox 106 3138 1080 3210; baseline 0.009 -24"><span class='ocrx_word' id='word_1_308' title='bbox 106 3139 158 3187; x_wconf 90' lang='lat' dir='ltr'>tino</span> <span class='ocrx_word' id='word_1_309' title='bbox 173 3138 224 3201; x_wconf 75' lang='lat' dir='ltr'>Dig.</span> <span class='ocrx_word' id='word_1_310' title='bbox 239 3142 334 3208; x_wconf 82' lang='lat' dir='ltr'>codice)</span> <span class='ocrx_word' id='word_1_311' title='bbox 348 3144 501 3195; x_wconf 87' lang='lat' dir='ltr'>librariorum</span> <span class='ocrx_word' id='word_1_312' title='bbox 516 3146 624 3194; x_wconf 88' lang='lat' dir='ltr'>rubricas</span> <span class='ocrx_word' id='word_1_313' title='bbox 641 3145 778 3208; x_wconf 82' lang='lat' dir='ltr'>expelleret.</span> <span class='ocrx_word' id='word_1_314' title='bbox 828 3140 855 3210; x_wconf 80' lang='grc'>*)</span> <span class='ocrx_word' id='word_1_315' title='bbox 871 3144 1001 3210; x_wconf 88' lang='lat' dir='ltr'>Utrumque</span> <span class='ocrx_word' id='word_1_316' title='bbox 1016 3161 1080 3195; x_wconf 89' lang='lat' dir='ltr'>nunc</span> 
     </span>
     <span class='ocr_line' id='line_1_39' title="bbox 106 3209 1080 3279; baseline 0.007 -20"><span class='ocrx_word' id='word_1_317' title='bbox 106 3209 252 3273; x_wconf 86' lang='lat' dir='ltr'>scriptorem</span> <span class='ocrx_word' id='word_1_318' title='bbox 267 3213 328 3265; x_wconf 85' lang='lat' dir='ltr'>dico.</span> <span class='ocrx_word' id='word_1_319' title='bbox 348 3231 401 3264; x_wconf 88' lang='lat' dir='ltr'>narn</span> <span class='ocrx_word' id='word_1_320' title='bbox 417 3216 476 3265; x_wconf 90' lang='lat' dir='ltr'>duos</span> <span class='ocrx_word' id='word_1_321' title='bbox 492 3216 604 3265; x_wconf 85' lang='lat' dir='ltr'>librarios</span> <span class='ocrx_word' id='word_1_322' title='bbox 619 3223 716 3279; x_wconf 87' lang='lat' dir='ltr'>practer</span> <span class='ocrx_word' id='word_1_323' title='bbox 726 3222 889 3265; x_wconf 86' lang='lat' dir='ltr'>correctorem</span> <span class='ocrx_word' id='word_1_324' title='bbox 900 3217 923 3266; x_wconf 92' lang='lat' dir='ltr'>in</span> <span class='ocrx_word' id='word_1_325' title='bbox 933 3218 978 3266; x_wconf 92' lang='lat' dir='ltr'>hoc</span> <span class='ocrx_word' id='word_1_326' title='bbox 995 3218 1080 3266; x_wconf 86' lang='lat' dir='ltr'>codice</span> 
     </span>
     <span class='ocr_line' id='line_1_40' title="bbox 106 3282 1080 3351; baseline 0.005 -21"><span class='ocrx_word' id='word_1_327' title='bbox 106 3288 238 3343; x_wconf 86' lang='lat' dir='ltr'>occupatos</span> <span class='ocrx_word' id='word_1_328' title='bbox 259 3282 344 3349; x_wconf 88' lang='lat' dir='ltr'>luisse,</span> <span class='ocrx_word' id='word_1_329' title='bbox 364 3286 541 3337; x_wconf 82' lang='lat' dir='ltr'>studemundus</span> <span class='ocrx_word' id='word_1_330' title='bbox 561 3287 727 3351; x_wconf 86' lang='lat' dir='ltr'>deprehendit.</span> <span class='ocrx_word' id='word_1_331' title='bbox 816 3283 836 3350; x_wconf 88' lang='lat'>¹)</span> <span class='ocrx_word' id='word_1_332' title='bbox 853 3287 900 3336; x_wconf 86' lang='lat' dir='ltr'>Sed</span> <span class='ocrx_word' id='word_1_333' title='bbox 920 3289 967 3336; x_wconf 89' lang='lat' dir='ltr'>iam</span> <span class='ocrx_word' id='word_1_334' title='bbox 982 3288 1080 3337; x_wconf 80' lang='lat' dir='ltr'>veritati</span> 
     </span>
     <span class='ocr_line' id='line_1_41' title="bbox 105 3352 1080 3422; baseline 0.005 -20"><span class='ocrx_word' id='word_1_335' title='bbox 105 3352 229 3402; x_wconf 83' lang='lat' dir='ltr'>concessit</span> <span class='ocrx_word' id='word_1_336' title='bbox 252 3354 290 3403; x_wconf 88' lang='lat' dir='ltr'>ed.</span> <span class='ocrx_word' id='word_1_337' title='bbox 314 3366 334 3406; x_wconf 78' lang='lat' dir='ltr'>s.</span> <span class='ocrx_word' id='word_1_338' title='bbox 381 3356 472 3407; x_wconf 85' lang='lat' dir='ltr'>Rursus</span> <span class='ocrx_word' id='word_1_339' title='bbox 495 3367 575 3408; x_wconf 88' lang='lat' dir='ltr'>tamen</span> <span class='ocrx_word' id='word_1_340' title='bbox 599 3358 706 3422; x_wconf 86' lang='lat' dir='ltr'>priorem</span> <span class='ocrx_word' id='word_1_341' title='bbox 729 3359 781 3407; x_wconf 88' lang='lat' dir='ltr'>eius</span> <span class='ocrx_word' id='word_1_342' title='bbox 805 3359 943 3421; x_wconf 89' lang='lat' dir='ltr'>opinionem</span> <span class='ocrx_word' id='word_1_343' title='bbox 972 3360 1080 3421; x_wconf 90' lang='lat' dir='ltr'>suscepit</span> 
     </span>
     <span class='ocr_line' id='line_1_42' title="bbox 105 3424 1080 3494; baseline 0.007 -22"><span class='ocrx_word' id='word_1_344' title='bbox 105 3424 150 3473; x_wconf 88' lang='lat' dir='ltr'>Th.</span> <span class='ocrx_word' id='word_1_345' title='bbox 161 3424 323 3475; x_wconf 83' lang='lat' dir='ltr'>Mommsenus</span> <span class='ocrx_word' id='word_1_346' title='bbox 337 3428 408 3490; x_wconf 87' lang='lat' dir='ltr'>epist.</span> <span class='ocrx_word' id='word_1_347' title='bbox 424 3430 477 3479; x_wconf 89' lang='lat' dir='ltr'>crit.</span> <span class='ocrx_word' id='word_1_348' title='bbox 494 3430 626 3492; x_wconf 86' lang='lat' dir='ltr'>praemissa</span> <span class='ocrx_word' id='word_1_349' title='bbox 642 3430 679 3478; x_wconf 90' lang='lat' dir='ltr'>ed.</span> <span class='ocrx_word' id='word_1_350' title='bbox 692 3430 759 3479; x_wconf 88' lang='lat' dir='ltr'>Stud.</span> <span class='ocrx_word' id='word_1_351' title='bbox 817 3425 840 3494; x_wconf 86' lang='lat'>¹)</span> <span class='ocrx_word' id='word_1_352' title='bbox 860 3430 939 3477; x_wconf 85' lang='lat' dir='ltr'>Etiam</span> <span class='ocrx_word' id='word_1_353' title='bbox 954 3445 982 3478; x_wconf 87' lang='lat' dir='ltr'>ea</span> <span class='ocrx_word' id='word_1_354' title='bbox 998 3445 1080 3479; x_wconf 84' lang='lat' dir='ltr'>erem-</span> 
     </span>
     <span class='ocr_line' id='line_1_43' title="bbox 104 3495 1080 3565; baseline 0.007 -22"><span class='ocrx_word' id='word_1_355' title='bbox 104 3495 191 3559; x_wconf 88' lang='lat' dir='ltr'>plaria,</span> <span class='ocrx_word' id='word_1_356' title='bbox 206 3497 292 3561; x_wconf 86' lang='lat' dir='ltr'>quibus</span> <span class='ocrx_word' id='word_1_357' title='bbox 303 3497 427 3549; x_wconf 88' lang='lat' dir='ltr'>iustiniani</span> <span class='ocrx_word' id='word_1_358' title='bbox 442 3500 481 3563; x_wconf 92' lang='lat' dir='ltr'>qui</span> <span class='ocrx_word' id='word_1_359' title='bbox 497 3508 684 3565; x_wconf 85' lang='lat' dir='ltr'>composuerunt</span> <span class='ocrx_word' id='word_1_360' title='bbox 697 3500 861 3550; x_wconf 87' lang='lat' dir='ltr'>institutiones</span> <span class='ocrx_word' id='word_1_361' title='bbox 876 3500 913 3549; x_wconf 93' lang='lat' dir='ltr'>usi</span> <span class='ocrx_word' id='word_1_362' title='bbox 928 3508 991 3562; x_wconf 88' lang='lat' dir='ltr'>sunt,</span> <span class='ocrx_word' id='word_1_363' title='bbox 1006 3515 1080 3564; x_wconf 82' lang='lat' dir='ltr'>quae-</span> 
     </span>
     <span class='ocr_line' id='line_1_44' title="bbox 105 3566 1079 3635; baseline 0.004 -20"><span class='ocrx_word' id='word_1_364' title='bbox 105 3566 161 3617; x_wconf 88' lang='lat' dir='ltr'>dam</span> <span class='ocrx_word' id='word_1_365' title='bbox 175 3568 290 3617; x_wconf 88' lang='lat' dir='ltr'>habuisse</span> <span class='ocrx_word' id='word_1_366' title='bbox 305 3571 390 3619; x_wconf 89' lang='lat' dir='ltr'>menda</span> <span class='ocrx_word' id='word_1_367' title='bbox 405 3585 459 3620; x_wconf 88' lang='lat' dir='ltr'>curn</span> <span class='ocrx_word' id='word_1_368' title='bbox 469 3572 554 3622; x_wconf 82' lang='lat' dir='ltr'>Veron.</span> <span class='ocrx_word' id='word_1_369' title='bbox 567 3572 592 3622; x_wconf 85' lang='lat' dir='ltr'>C.</span> <span class='ocrx_word' id='word_1_370' title='bbox 608 3572 751 3634; x_wconf 87' lang='lat' dir='ltr'>communia,</span> <span class='ocrx_word' id='word_1_371' title='bbox 766 3571 846 3620; x_wconf 83' lang='lat' dir='ltr'>notavi</span> <span class='ocrx_word' id='word_1_372' title='bbox 860 3571 890 3619; x_wconf 92' lang='lat' dir='ltr'>ad</span> <span class='ocrx_word' id='word_1_373' title='bbox 905 3583 926 3633; x_wconf 83' lang='lat' dir='ltr'>a,</span> <span class='ocrx_word' id='word_1_374' title='bbox 941 3583 975 3622; x_wconf 78' lang='lat' dir='ltr'>er.</span> <span class='ocrx_word' id='word_1_375' title='bbox 994 3585 1016 3635; x_wconf 81' lang='lat' dir='ltr'>a,</span> <span class='ocrx_word' id='word_1_376' title='bbox 1031 3583 1079 3623; x_wconf 84' lang='lat' dir='ltr'>1es.</span> 
     </span>
     <span class='ocr_line' id='line_1_45' title="bbox 105 3640 621 3706; baseline 0.012 -19"><span class='ocrx_word' id='word_1_377' title='bbox 105 3650 152 3689; x_wconf 83' lang='grc'><strong>111.</strong></span> <span class='ocrx_word' id='word_1_378' title='bbox 172 3650 194 3701; x_wconf 74' lang='lat' dir='ltr'>a,</span> <span class='ocrx_word' id='word_1_379' title='bbox 208 3650 242 3690; x_wconf 79' lang='lat' dir='ltr'>sa.</span> <span class='ocrx_word' id='word_1_380' title='bbox 263 3640 310 3692; x_wconf 84' lang='lat' dir='ltr'>vid.</span> <span class='ocrx_word' id='word_1_381' title='bbox 332 3642 403 3691; x_wconf 82' lang='lat' dir='ltr'>eriam</span> <span class='ocrx_word' id='word_1_382' title='bbox 422 3654 444 3706; x_wconf 81' lang='lat' dir='ltr'>r,</span> <span class='ocrx_word' id='word_1_383' title='bbox 465 3654 498 3694; x_wconf 85' lang='lat' dir='ltr'>ra.</span> <span class='ocrx_word' id='word_1_384' title='bbox 519 3655 552 3695; x_wconf 85' lang='lat' dir='ltr'>rs.</span> <span class='ocrx_word' id='word_1_385' title='bbox 573 3656 621 3694; x_wconf 74' lang='lat'>112.</span> 
     </span>
    </p>
   </div>
   <div class='ocr_carea' id='block_1_4' title="bbox 0 0 1280 4000">
    <p class='ocr_par' dir='ltr' id='par_1_4' title="bbox 0 0 1280 4000">
     <span class='ocr_line' id='line_1_46' title="bbox 0 0 1280 4000; baseline 0 0"><span class='ocrx_word' id='word_1_386' title='bbox 0 0 1280 4000; x_wconf 95' lang='lat' dir='ltr'> </span> 
     </span>
    </p>
   </div>
  </div>
 </body>
</html>
