2550 4000
381 227 438 264 em
456 229 554 266 rusrrr.
572 211 607 265 ΙΙ.
628 217 769 268 139-144.
996 211 1059 276 253

92 378 181 426 torem
197 385 275 442 eum,
298 371 388 444 quiin
403 377 541 446 potestate
556 373 677 447 parentis
693 371 785 443 tuerit,
805 370 961 428 omnimodo
977 380 1059 428 testa·

92 461 215 510 mentum
231 456 289 511 eius
304 457 440 530 rumpitur
455 458 532 530 quasi
548 457 693 530 agnatione
707 458 751 513 sui
766 456 885 514 heredis.
910 452 974 513 139.
986 456 1059 513 idem

91 539 160 595 iuris
177 548 229 612 est,
244 541 267 596 si
283 542 326 596 oui
341 549 405 614 post
421 540 521 597 iactum
537 550 730 598 testamentum
746 557 814 598 uror
828 543 857 598 in
872 558 980 598 manum
995 558 1060 598 eon·

90 625 200 696 ueniat·
213 625 256 681 uel
272 641 341 699 quae
358 626 385 681 in
401 625 558 699 minutum,
575 625 674 682 nubat:
690 643 751 682 nam
766 642 800 682 eo
816 625 897 682 modo
912 624 983 682 filiae
997 625 1058 683 loco

90 724 154 764 esse
168 709 262 783 incipit
277 718 305 766 et
321 712 397 783 quasi
413 726 461 767 sua
475 704 598 788 ’(heros)
613 703 670 784 pit.¹
705 706 772 768 140.
788 711 843 768 Neo
856 711 980 784 prodest,
1000 715 1060 767 siue

89 794 172 868 haec,
184 797 246 850 siue
257 794 314 866 ille,
326 796 373 868 qui
384 796 587 869 adoptaturam,
599 797 667 852 ineo
680 803 844 852 testamento
856 797 892 851 sit
900 789 1011 872 (heres)
1019 797 1059 851 in·

90 880 208 934 stitutus
219 874 414 936 institutauea²
434 895 495 937 nam
511 880 545 936 de
560 880 770 938 exheredatione
782 880 843 936 eius
857 895 1058 954 superuacuum

90 962 204 1019 uidetur
225 980 376 1037 quaerere,
399 981 459 1021 eum
482 967 639 1022 testamenti
662 964 779 1022 taeiundi
802 973 925 1038 tempore
947 981 1058 1021 suorum

87 1047 222 1104 heredum
233 1064 346 1104 numero
358 1065 413 1106 non
425 1050 538 1107 tuerint.
568 1048 630 1107 141.
644 1048 728 1106 Filius
740 1066 860 1124 quoque,
870 1051 918 1122 qui
930 1065 962 1106 er
973 1050 1059 1123 prima

87 1133 245 1190 seeundaue
260 1135 457 1208 mancipatione
473 1137 683 1206 manumittitur,
707 1136 769 1208 quia
792 1135 940 1190 reuertitur
954 1136 982 1190 in
997 1143 1058 1208 pot-

87 1223 203 1274 estatem
216 1220 340 1292 patriam‚
355 1222 457 1293 rumpit
468 1229 530 1276 ante
542 1219 643 1275 iactum
653 1227 861 1287 testamentum3
874 1234 925 1276 nee
936 1219 1059 1292 prodest,

86 1301 137 1373 (st)
153 1302 180 1357 in
196 1317 229 1358 eo
246 1310 410 1360 testamento
433 1304 512 1360 heres
535 1305 679 1360 institutus
694 1303 738 1360 uei
760 1303 942 1361 exheredatus
964 1301 1059 1360 tuerit.

86 1381 158 1443 142.
171 1385 263 1444 Simile
272 1384 315 1443 ius
323 1386 387 1444 olim
396 1387 547 1445 tuitineius
558 1403 685 1462 persona,
698 1389 774 1445 euius
786 1389 896 1444 nomine
904 1404 936 1444 ex
949 1397 1058 1444 senatus

85 1469 219 1528 consulto
242 1474 342 1528 erroris
358 1475 599 1548 consumebatur,
622 1473 686 1546 quia
707 1474 780 1529 torto
795 1489 828 1528 er
846 1473 993 1547 peregrina
1014 1474 1058 1530 uel

83 1555 191 1626 Latina,
209 1572 277 1628 quae
292 1572 341 1630 per
355 1572 476 1614 errorem
492 1559 568 1631 quast
583 1559 652 1614 ciuis
665 1558 783 1614 Romana
795 1573 865 1613 uxor
880 1557 961 1613 dueta
975 1566 1058 1630 esset,

86 1648 169 1696 natus
185 1649 273 1697 esset:
290 1657 351 1697 nam
367 1643 426 1698 siue
441 1643 520 1698 heres
535 1643 679 1699 institutus
695 1650 769 1698 esset
782 1659 797 1698 a
810 1651 926 1716 parente
936 1644 997 1711 siue
1013 1658 1058 1698 er·

85 1725 250 1797 heredatus,
273 1727 332 1783 siue
355 1729 420 1783 uiuo
443 1735 520 1801 patre
542 1741 623 1784 causa
642 1726 760 1801 probato
774 1729 834 1783 siue
855 1734 919 1801 post
941 1737 1057 1784 mortem

85 1811 164 1880 eius,
192 1810 349 1866 omnimodo
378 1814 454 1885 quasi
477 1805 651 1888 adgnaitione
678 1810 822 1885 rumpebat
856 1818 1058 1869 testamentum.
1069 1810 1110 1864 90.

18 1891 71 1945 [¹⁷⁷1
86 1891 154 1952 143.
170 1893 247 1951 Nunc
261 1910 328 1951 uero
344 1909 375 1951 er
391 1913 465 1953 nouo
481 1905 591 1953 senatus
607 1894 750 1968 consulto,
773 1896 847 1970 quod
861 1902 974 1952 auctore
994 1895 1058 1953 diuo

86 1979 224 2037 Hadriano
248 1979 349 2037 iactum
372 1991 429 2054 est,
452 1984 475 2038 si
497 1981 605 2056 quidem
630 1983 695 2039 uiuo
717 1990 795 2056 patre
816 1998 895 2039 eausa
918 1983 1060 2055 probatur,

86 2081 175 2139 aeque
199 2072 231 2121 ut
253 2066 318 2121 olim
342 2067 499 2123 omnimodo
522 2069 625 2141 rumpit
640 2074 847 2139 testamentum3
865 2068 888 2121 si
908 2082 975 2123 uero
996 2078 1060 2140 post

87 2159 207 2206 mortem
234 2152 336 2225 patris,
359 2153 524 2227 praeteritus
547 2150 655 2225 quidem
679 2152 783 2225 rumpit
803 2158 1011 2220 testamentum,
1038 2153 1061 2206 si

88 2252 157 2293 uero
180 2237 260 2291 heres
282 2237 310 2291 iu
332 2252 365 2293 eo
388 2237 508 2311 scriptus
531 2244 574 2293 est
597 2236 641 2293 uei
665 2235 860 2308 exheredatus,
884 2251 939 2291 nou
959 2236 1061 2308 rumpit

88 2328 300 2397 testamentum,
321 2338 355 2377 ne
377 2321 481 2379 seilicet
499 2320 647 2395 dilgenter
662 2321 732 2377 taeta
748 2327 910 2381 testamenta
925 2319 1061 2376 rescinde·

88 2413 186 2462 rentur
202 2422 235 2462 eo
250 2413 391 2480 tempore,
414 2423 470 2480 quo
493 2408 620 2463 renouari
642 2423 698 2463 non
719 2414 844 2481 possent.
880 2402 948 2463 144.
964 2404 1060 2462 Poste·

88 2492 162 2547 riore
186 2506 296 2563 quoque
318 2500 498 2563 testamento,
526 2492 600 2566 quod
628 2494 688 2550 iure
716 2492 818 2549 iactum
843 2500 902 2565 est,
932 2492 1060 2565 superius

165 2622 185 2691 1)
201 2627 210 2677 i
229 2622 281 2677 W.
356 2620 377 2692 2)
394 2626 463 2676 Poto
476 2627 526 2677 lroe
538 2628 672 2692 formula:
691 2623 726 2675 ‘aa'
743 2642 815 2690 qoem
829 2623 1010 2689 adoptavero',
1026 2622 1061 2674 ‘aa'

90 2712 157 2763 quoe
172 2697 234 2747 milri
248 2700 276 2747 in
291 2712 392 2747 monum
407 2694 583 2748 convenerit’:
601 2714 661 2747 nom
679 2699 704 2746 si
717 2696 749 2746 L.
769 2696 852 2745 Titios
866 2693 950 2761 (qoem
967 2704 1060 2760 postea

90 2768 236 2833 adoptavit)
251 2771 291 2819 oet
304 2768 337 2821 L.
357 2768 425 2819 tttta
440 2768 515 2836 (quoe
527 2776 618 2832 posteo
632 2770 661 2818 in
670 2782 772 2825 monton
785 2765 916 2832 convenit)
930 2767 1006 2816 iteres
1020 2769 1059 2815 in·

89 2841 183 2890 stitoto
197 2841 347 2890 institutore
358 2841 455 2904 fuerit,
465 2841 576 2904 prodest
589 2840 727 2890 institutio.
759 2837 793 2887 L.
808 2848 841 2890 12.
870 2838 902 2887 D.
918 2837 949 2888 de
964 2839 1060 2887 iniusto

91 2910 137 2978 (22,
152 2911 185 2978 2).
208 2911 241 2961 L.
256 2922 290 2963 22.
314 2913 337 2973 5·
353 2925 373 2963 1.
402 2912 435 2965 D.
450 2912 482 2961 de
496 2911 540 2961 tto.
555 2919 659 2976 etpost.
675 2908 721 2976 (22,
735 2907 768 2976 2).
801 2909 921 2959 Attamen
935 2925 980 2972 eo,
995 2925 1060 2975 qnae

90 2989 243 3048 sequuntur,
257 2984 358 3043 docent,
376 2983 468 3033 Gaium
481 2985 558 3033 etiam
571 2984 604 3033 de
623 2983 674 3032 hoe
693 2982 854 3032 institutione
867 2982 979 3033 sensisse
992 2997 1059 3031 eom·

92 3069 140 3117 que
155 3061 206 3103 tram
221 3055 336 3104 inutilem
350 3055 519 3105 adtuendam
533 3061 709 3105 testamentum
722 3055 804 3103 nisam
815 3054 907 3118 fuisse.

165 3176 190 3247 ξ.
208 3180 267 3231 139.
289 3180 327 3244 Of.
347 3179 402 3244 Uip.
416 3190 451 3243 22,
466 3192 486 3232 2.
505 3194 587 3244 supra
602 3193 622 3245 1,
639 3190 686 3230 211.
759 3174 785 3247 ᾖ.
801 3180 860 3229 140.
878 3178 917 3241 Cf.
932 3177 964 3227 L.
979 3189 1006 3228 22
1015 3193 1060 3241 pr.

93 3252 116 3314 ὅ.
132 3262 153 3301 1.
177 3250 210 3300 L.
225 3262 259 3303 22.
283 3253 307 3313 §-
323 3264 343 3302 1.
366 3252 399 3301 D.
414 3252 447 3301 de
463 3250 505 3301 uo.
521 3258 546 3301 et
560 3258 628 3315 post.
644 3250 690 3317 (22,
704 3247 736 3319 2).
766 3249 797 3302 L.
813 3260 846 3301 12.
870 3249 903 3297 D.
918 3249 950 3298 de
964 3250 1060 3297 iniusto

93 3320 140 3387 (22,
154 3320 184 3387 2).
209 3323 240 3371 L.
255 3335 276 3374 8.
296 3324 430 3386 §§.tseq.
454 3323 487 3373 D.
503 3324 534 3372 de
549 3322 571 3372 b.
582 3339 611 3387 p.
628 3339 650 3373 e.
666 3329 683 3371 t.
699 3321 745 3388 (3¹1,
758 3321 791 3387 4).
814 3320 847 3370 L.
863 3332 902 3372 122
917 3335 961 3383 pr.
981 3318 1060 3367 noe

94 3393 163 3443 verb.
179 3392 228 3443 ott.
244 3392 290 3460 (42,
304 3392 336 3459 1).
410 3388 435 3461 §-
452 3395 512 3445 141.
530 3394 568 3458 Of.
588 3392 644 3458 Uip.
659 3404 694 3455 22,
708 3404 728 3445 2.
748 3392 780 3442 L.
796 3404 830 3443 22.
845 3393 869 3454 4.
885 3404 905 3441 1.
921 3393 964 3439 eit.
978 3404 1060 3453 sopra

95 3477 115 3528 1,
129 3476 177 3516 ras.
193 3475 239 3519 122.
255 3477 276 3529 2,
290 3477 311 3516 s.
342 3464 431 3515 Cottae.
448 3476 481 3527 re,
496 3477 516 3517 2.
532 3467 555 3527 2.
571 3478 591 3518 r.
674 3461 701 3534 ξ.
718 3466 776 3514 142.
793 3463 832 3526 Cf.
848 3475 868 3525 1,
883 3458 939 3527 (sa).
949 3472 988 3512 or.
1004 3473 1025 3524 2,
1039 3472 1060 3513 2.

114 3572 120 3585 .
137 3537 196 3586 143.
218 3536 257 3600 Os.
271 3552 354 3600 supra
368 3549 388 3595 1,
403 3546 437 3587 22.
457 3536 501 3586 nbi
515 3544 602 3587 tamen
615 3538 647 3586 de
662 3539 783 3586 intestato
797 3540 878 3597 patre
891 3535 989 3597 capitor.

116 3609 197 3660 ,144
213 3630 246 3650 =
261 3610 285 3670 ξ.
304 3620 324 3659 2.
349 3607 371 3657 I.
391 3608 460 3673 quib.
480 3609 545 3658 arod.
565 3615 621 3663 test.
641 3607 690 3669 inf.
710 3606 746 3672 (2,
766 3603 810 3670 12).Ι
849 3604 888 3669 Os.
907 3604 962 3668 Utp.
982 3616 1021 3667 22,
1039 3616 1060 3654 2.
