2550 4000
221 199 285 265 376
518 214 580 252 uun
597 215 697 251 morsu.
717 195 765 249 lv.
785 199 894 250 82—83.

224 376 278 434 qua
294 375 324 415 re
340 357 421 414 modo
435 355 562 426 diximus)
578 373 689 430 quoque
705 373 760 413 non
776 356 937 430 permissum
954 355 1047 425 tuerit,
1062 347 1099 410 et¹
1117 370 1179 411 rnor-

225 452 288 501 tuos
302 443 427 500 homines
442 441 557 512 dedere,
573 449 663 497 umen
684 450 712 498 et
732 442 755 497 si
776 441 836 515 quis
857 456 920 496 eum
936 439 1053 510 dederit,
1071 438 1179 512 quitata

224 545 275 584 suo
291 529 347 583 uite
362 527 522 596 excesserit,
537 541 623 599 oeque
637 523 775 585 liberatur.

288 607 337 669 82.
351 611 427 668 Nunc
440 609 601 666 admouendi
612 627 719 681 sumus,
731 626 816 684 agere
828 627 879 666 nos
892 601 1029 686 ’(ροεεε)2
1039 617 1086 664 out
1095 616 1179 664 nostro

225 698 335 753 nomine
356 704 404 752 eut
421 694 523 763 alieno,
545 694 633 751 ueluti
654 695 827 768 cognitorio,
848 695 1058 768 procuratorio,
1080 693 1179 762 tutorio,

225 782 378 854 curatorio,
407 796 468 836 cum
497 779 576 850 oliuu,
607 795 662 852 quo
693 788 815 852 tempore
844 779 913 852 tegis
936 781 1058 836 actiones
1081 779 1109 832 in
1128 775 1180 832 'usu

226 858 354 936 esseut,³
375 864 487 920 ulterius
503 865 613 920 nomine
627 880 710 937 agere
725 881 781 920 uon
804 863 915 934 liceret,
937 861 1142 936 'praeterquam
1155 877 1181 916 es

226 951 312 1007 certis
338 940 455 1006 causis!
500 944 551 1006 83.
574 947 708 1022 Cognitor
730 957 820 1004 autem
844 949 925 1005 certis
949 946 1040 1004 uerbis
1069 947 1096 1001 in
1118 945 1180 1002 litem

227 1050 318 1091 coram
335 1032 492 1090 aduersario
508 1031 697 1088 substituitur:
719 1050 780 1089 nom
796 1040 874 1089 actor
888 1034 928 1090 ita
945 1033 1118 1106 cognitorem
1131 1030 1180 1084 dat:

227 1134 313 1184 uvoo
334 1133 397 1176 sco
416 1133 437 1174 Α
457 1132 500 1174 'ra
520 1117 597 1174 uerbi
615 1117 704 1191 gratia
724 1134 851 1176 svuuvss
870 1133 968 1188 euro,
989 1133 1023 1174 1u
1045 1130 1111 1172 uuus
1127 1131 1183 1172 suu

226 1219 345 1262 uvorvss
373 1218 487 1260 rrrrvu
518 1217 581 1260 rrs1
614 1218 819 1262 cocurrosuu
850 1218 908 1268 oo;
941 1201 1113 1258 aduersarius
1139 1202 1230 1269 itrzrnu

229 1356 262 1405 D.
282 1356 314 1404 de
334 1358 423 1407 nonai.
442 1354 475 1403 L.
494 1365 528 1406 ut.
549 1356 572 1414 §-
593 1366 613 1404 1.
633 1353 665 1403 D.
685 1355 721 1404 ad
739 1357 787 1420 lep.
806 1354 895 1419 Aquil.
914 1366 940 1416 9,
957 1350 994 1420 2),
1013 1369 1065 1418 qua
1085 1367 1141 1403 caru
1158 1367 1182 1400 ne

229 1433 356 1476 mortuum
370 1426 471 1490 quidem
491 1424 615 1475 nemiuem
634 1441 720 1475 noxae
735 1425 800 1474 dare
817 1427 842 1474 ei
860 1427 948 1475 licere.
978 1425 1063 1474 Plane
1081 1425 1106 1473 si
1122 1425 1142 1472 is
1158 1421 1183 1471 ab

229 1498 285 1546 air'a
304 1497 454 1554 occidatur,
473 1510 581 1560 aequum
601 1497 681 1545 uirum
700 1511 756 1546 esre
774 1493 849 1561 (baec
865 1496 981 1559 sortaare
1000 1497 1029 1545 in
1044 1512 1067 1545 a.
1083 1505 1114 1545 12.
1128 1509 1182 1544 can·

225 1564 347 1634 parent),
370 1573 397 1615 ut
419 1566 502 1627 iudex,
525 1566 548 1615 si
570 1581 631 1615 reue
655 1569 770 1626 actione,
794 1583 869 1632 quarn
891 1567 1021 1617 aduersus
1046 1567 1116 1615 illurn
1138 1567 1183 1628 ipre

229 1635 374 1706 apietcitur,
389 1639 476 1688 actori
490 1637 582 1688 cedere
592 1644 706 1700 paratus
719 1640 766 1695 rit,
785 1653 842 1688 enm
860 1637 977 1688 absolvat
989 1638 1035 1704 (L.
1046 1650 1066 1688 1.
1082 1639 1105 1699 §-
1114 1647 1144 1687 ιο.
1156 1635 1183 1684 a.

229 1711 255 1759 si
268 1708 382 1775 quanin).
402 1707 515 1772 Reliqua
524 1710 715 1773 popinaepars
722 1710 838 1772 sarturae
849 1711 1054 1760 controuersiam
1069 1706 1183 1758 tractabat

229 1779 305 1831 nobie
324 1781 496 1845 incopnt'tam,
514 1781 539 1828 si
557 1781 655 1829 animat
674 1782 781 1830 noxium
799 1781 855 1830 sine
875 1781 1026 1845 cuiusquam
1046 1782 1121 1844 eulpa
1132 1785 1183 1842 part

231 1853 300 1901 litem
310 1857 479 1901 contestatam
489 1851 622 1914 periisset,
637 1858 723 1900 utrum
737 1866 799 1900 reus
812 1853 967 1916 simpliciter
977 1868 1010 1901 an
1022 1849 1103 1918 (quod
1110 1851 1184 1900 uerius

230 1919 276 1986 eit)
291 1930 351 1981 turn,
366 1923 390 1970 εἰ
404 1923 473 1986 quod
487 1922 547 1970 inde
560 1925 719 1985 superesset,
734 1937 820 1972 noxae
834 1923 918 1981 daret,
933 1922 1105 1978 liberaretur:
1116 1934 1184 1984 eoque

230 2000 332 2058 spectat
345 1994 368 2056 ξ.
382 2005 422 2056 81,
442 1993 478 2042 ad
497 2009 572 2057 quarn
590 1993 625 2057 cs.
646 1993 705 2043 Liu.
719 2006 745 2057 8,
760 2006 794 2045 tte.
815 1993 909 2045 Ζοηαν.
929 2008 954 2057 t,
973 2006 1006 2046 26.
1081 1991 1099 2061 1)
1113 1991 1184 2043 Missa

231 2081 301 2115 nunc
313 2065 418 2128 faciens
431 2063 589 2114 Btubmn'ana
603 2067 631 2113 in
643 2067 696 2129 fine
706 2081 734 2129 p.
745 2077 792 2117 219.
808 2074 836 2115 ut
845 2067 922 2115 nimie
935 2068 1039 2116 ineerta
1050 2074 1074 2116 et
1083 2064 1183 2130 paucula

230 2138 364 2195 elementa,
379 2150 445 2200 quae
456 2133 546 2187 Statue
555 2138 583 2184 in
593 2136 682 2185 eadent
690 2138 792 2202 popina
802 2153 824 2185 v.
836 2148 870 2189 23.
885 2139 983 2196 retulit,
999 2139 1101 2188 initium
1110 2149 1135 2200 p.
1144 2146 1182 2185 tto.

232 2209 372 2257 secundum
387 2204 415 2255 V
415 2202 437 2238 Β*
444 2207 484 2256 sia
496 2214 525 2255 ut
536 2207 600 2270 feei,
610 2206 786 2270 probabiliter
796 2210 931 2274 tepiporse
937 2210 1040 2274 putaui,
1055 2220 1183 2275 quanquam

232 2280 289 2328 eius
299 2280 433 2328 lectionem
443 2278 641 2327 incertissimam
652 2294 715 2336 erre,
729 2277 819 2329 Stdus
832 2280 945 2329 adnotet.
967 2280 1031 2330 Post
1044 2295 1099 2343 ergo
1112 2284 1182 2328 natan

233 2347 293 2416 e(st)
303 2349 388 2412 futare
398 2350 494 2412 parui,·
512 2363 607 2411 quoquc
626 2352 784 2413 spectauerit
802 2350 977 2415 differentiam
996 2352 1066 2402 inter
1085 2350 1183 2401 baniner

233 2420 405 2468 etanimatia.
463 2415 618 2483 ²)EaaInrt.
631 2422 756 2483 supplevi.
775 2419 872 2471 Omittit
881 2420 931 2473 Kr.
943 2423 982 2472 ed.
994 2434 1013 2473 2.
1073 2418 1136 2489 ³)In
1149 2412 1185 2467 V't

228 2496 292 2553 pact
305 2503 362 2537 u-su
372 2503 513 2551 perperam
526 2489 627 2538 tuissent
637 2506 690 2554 pra
701 2499 783 2541 essent
791 2495 917 2559 seriptum
927 2501 965 2544 est
978 2502 1003 2545 et
1015 2496 1056 2544 rie
1070 2493 1115 2543 Kr.
1124 2490 1158 2541 ed.
1167 2499 1182 2537 t.

235 2559 274 2624 Os.
291 2570 368 2622 1‚192.
383 2570 405 2621 4,
415 2570 449 2614 25.
469 2560 547 2625 idque
556 2567 628 2609 aetna
638 2563 727 2611 attium
741 2564 851 2627 irrepsit
860 2566 937 2615 etiam
949 2567 976 2615 in
987 2565 1052 2615 Inrt.
1114 2559 1134 2627 ⁴)
1146 2558 1183 2609 Sit

232 2637 304 2681 recte
318 2632 351 2694 ej.
367 2629 482 2680 Mommr.
495 2630 600 2696 prern.
615 2632 748 2684 arabaeol.
769 2634 825 2684 Vot.
836 2634 874 2685 ΙΙ.
886 2653 913 2701 p.
924 2648 971 2689 sor.
991 2636 1023 2686 In
1039 2630 1083 2685 W
1092 2648 1141 2684 esre
1153 2631 1183 2679 ci·

232 2704 293 2753 deri
302 2702 350 2751 nisi
360 2716 388 2750 ex
398 2702 540 2765 quibusdam
551 2703 631 2752 causis
642 2702 770 2755 Kartawa
782 2705 853 2759 Rom.
866 2708 1003 2771 Oiaitproc.
1010 2724 1040 2772 p.
1050 2718 1095 2759 sot.
1104 2708 1184 2754 auctor

232 2781 271 2824 ert
285 2771 329 2839 (i).
348 2771 402 2822 Sed
414 2788 508 2823 reuera
523 2772 561 2823 z'bt'
574 2781 612 2823 est
626 2772 914 2844 propeiq(uam)erceptis
928 2778 949 2827 i.

305 2928 350 3002 ἓξ.
365 2934 507 2983 82’-102,
529 2933 567 2997 Os.
584 2934 637 2985 Fu·
650 2934 708 2985 Vnt.
724 2947 856 2989 sta-su.
876 2938 952 2987 Paut.
967 2951 988 2999 ι,
1003 2949 1023 2987 2.
1038 2948 1059 2988 o.
1111 2929 1134 3002 §-
1147 2933 1181 2981 89-

233 3026 268 3045 =
278 3020 322 3067 pr.
337 3003 360 3053 I.
376 3004 408 3052 de
423 3006 464 3064 ite,
475 3020 526 3067 per
541 3020 605 3069 quas
618 3022 698 3071 apere
708 3022 779 3070 paor.
795 3006 827 3072 (4,
841 3007 886 3073 to).
907 3023 961 3058 cum
976 3008 1032 3056 olim
1046 3002 1104 3075 eta]
1118 3004 1148 3067 cs·
1157 3001 1183 3049 h·

234 3085 273 3125 123
287 3090 332 3137 pr.
361 3073 393 3121 D.
414 3075 446 3123 de
464 3091 519 3141 rep.
540 3077 590 3127 iun.
611 3074 661 3142 (oo,
681 3076 726 3143 tt).
751 3078 783 3127 L.
798 3090 817 3129 s.
839 3080 864 3128 0.
881 3080 912 3129 de
931 3080 1046 3129 vindicta
1063 3077 1097 3145 (t,
1109 3072 1139 3141 1).
1160 3086 1182 3119 01

233 3145 308 3195 certis
323 3140 415 3211 causis]
436 3145 470 3207 cs.
488 3146 550 3195 Cata
569 3148 641 3210 apud
660 3148 726 3199 Fert.
743 3164 782 3213 ep.
802 3166 824 3199 a.
847 3150 987 3201 Vindictae
997 3166 1025 3215 p.
1040 3161 1086 3202 tto·
1101 3174 1131 3184 -
1145 3143 1181 3192 st·

238 3216 297 3269 Vat.
313 3226 360 3267 324.
380 3230 463 3279 supra
476 3217 499 3277 ἕ.
515 3228 548 3266 14.
570 3218 628 3267 Lia.
645 3231 665 3281 u,
679 3231 713 3271 45.
738 3221 832 3271 Donat.
849 3222 885 3271 ad
902 3221 1002 3271 Terent.
1017 3219 1121 3285 Adelpb.
1134 3227 1152 3277 t,
1164 3227 1180 3264 1.

233 3305 256 3337 o.
271 3300 306 3339 to.
361 3282 386 3354 §-
403 3288 446 3338 83.
467 3286 506 3349 Cf.
523 3287 567 3336 Pr.
587 3288 647 3339 Vnt.
658 3292 695 3352 ἐξ.
706 3303 746 3343 oro
759 3306 811 3357 seq.
827 3304 873 3344 seo.
891 3293 957 3343 Fert.
973 3309 1011 3357 ep.
1027 3310 1049 3343 a.
1066 3290 1180 3355 Copnitor.

230 3376 258 3424 p.
273 3370 306 3411 ot.
326 3356 412 3408 Sobel.
430 3357 482 3408 Cic.
498 3359 707 3425 Diuin.t.p.1ot
721 3361 791 3413 Bait.
801 3362 897 3414 Isidar.
913 3364 1002 3428 differ.
1018 3375 1063 3415 128.
1081 3362 1180 3421 Interpr-

233 3431 270 3479 ad
282 3430 314 3479 1..
330 3442 350 3482 t.
374 3428 418 3479 Ib.
436 3429 462 3479 0.
477 3430 509 3479 de
524 3432 620 3496 capnit.
635 3431 667 3495 (2,
682 3430 728 3498 12).
750 3433 802 3483 Gr'c.
816 3449 866 3497 pra
884 3434 960 3485 Raro.
973 3436 1038 3485 Corn.
1049 3446 1081 3486 18.
1097 3430 1179 3480 Horti·

233 3499 289 3549 Sat.
309 3512 334 3562 s,
353 3511 373 3552 o.
394 3516 417 3550 o.
439 3512 472 3552 se.
495 3516 583 3551 sosas
600 3499 682 3571 rouo]
704 3505 738 3568 cs.
759 3504 790 3554 L.
811 3517 844 3559 16.
869 3506 902 3556 D.
921 3513 1005 3555 ratam
1023 3522 1075 3555 ren
1094 3502 1138 3569 (u,
1153 3494 1179 3562 8)-

236 3570 394 3633 brittanas.
408 3572 496 3636 peocb.
513 3572 585 3621 RW.
604 3573 683 3625 XIII.
698 3590 726 3638 p.
741 3586 789 3627 306.
