2550 4000
392 233 450 270 aen
467 235 568 271 11tsu1r.
587 217 636 271 IV.
657 222 775 272 tte-21.
1002 221 1064 286 351

92 371 153 433 1⁷⁸.
171 418 179 432 .
199 419 206 432 .
223 375 429 434 ’obseruabant
446 370 449 455 l
466 379 537 433 enim
558 380 678 435 eundem
703 381 776 436 diem
797 385 825 436 et
846 379 988 453 aequalem
1002 397 1066 438 mo·
1085 391 1143 444 195.

94 463 165 518 duni
187 461 312 535 capiendi
335 461 432 518 iudicis
454 463 683 536 canidiaendique
706 465 791 532 diem,
815 481 871 538 qna
897 465 929 520 ad
952 464 1066 521 iudicem

94 545 256 619 capiendam
272 555 383 619 praesto
399 563 459 603 esse
475 542 642 613 delberent.¹
682 549 827 606 condicere
850 557 940 605 autem
963 548 1067 606 denun-

96 632 169 686 tiare
184 638 226 686 est
241 632 329 705 prisca
345 630 447 704 lingua.
464 627 531 694 118.
548 631 642 706 ltaque
662 633 729 690 llaec
745 633 853 706 quidem
870 635 940 691 actia
956 635 1068 708 proprie

17 723 78 776 12⁷0]
96 714 237 772 condictio
253 713 416 772 uocabatur:
436 733 496 771 nam
512 725 590 772 actor
604 717 762 773 aduersario
779 717 968 790 denuntiabat,
989 727 1020 775 ut
1035 717 1068 774 ad

95 799 217 856 iudicem
233 800 392 874 capiendum
414 801 456 857 die
476 816 549 858 xxx.
566 801 691 871 adesset3
715 818 788 858 nunc
803 819 871 858 uero
886 819 941 859 non
957 805 1068 877 proprie

96 883 301 941 condictionem
316 885 429 942 dicimus
444 885 480 941 ’in
496 902 640 959 personam
653 888 797 958 actionem,
814 881 886 961 qua²
901 888 1067 943 intendimus

96 968 162 1025 dari
185 969 263 1025 nobis
289 979 433 1044 oportere:
466 970 539 1027 nulla
567 972 639 1027 enim
666 972 719 1028 hoc
747 981 871 1046 tempore
898 988 931 1028 ea
959 973 1068 1029 nomine

97 1052 272 1109 denuntiatio
294 1052 332 1113 iit.
367 1050 413 1111 le.
431 1055 502 1111 Haec
516 1066 606 1112 autem
627 1055 696 1131 legis
713 1058 783 1112 actio
799 1058 946 1114 constituta
962 1065 1003 1113 est
1018 1073 1068 1129 per

97 1137 191 1211 legem
203 1137 294 1194 Siliam
308 1149 336 1196 et
347 1138 531 1214 Calpurniam,
546 1140 608 1213 lege
627 1141 736 1213 quidem
750 1139 814 1196 Silia
825 1149 916 1197 certae
927 1143 1066 1214 pecuniae,

96 1221 163 1296 lege
178 1238 246 1278 uero
262 1222 405 1297 Calpurnia
420 1223 454 1280 de
470 1227 543 1280 omni
558 1234 631 1281 certa
648 1242 688 1282 re.
726 1221 778 1284 20.
794 1224 881 1292 Quare
897 1231 986 1281 autem
1003 1225 1069 1282 llaec

97 1307 172 1362 actio
188 1306 342 1364 desiderata
358 1309 406 1381 sit,
422 1323 483 1364 cum
498 1309 532 1364 de
546 1325 590 1378 eo,
610 1310 685 1383 quod
701 1311 779 1366 nabis
795 1309 851 1366 darl
868 1318 987 1384 oportet,
1010 1310 1068 1384 'po-

98 1391 240 1450 tuerimus
254 1385 316 1447 auti
329 1401 499 1449 sacramenta
513 1402 561 1449 aut
575 1409 626 1467 per
641 1395 735 1451 ludlels
751 1395 963 1468 postulationem
975 1411 1068 1469 agere,

96 1475 182 1531 ualde
198 1478 353 1549 quaeritur.

165 1556 211 1619 tt.
233 1561 289 1616 Per
302 1577 396 1618 marrus
411 1563 583 1618 iniectionem
599 1577 684 1636 aeque
695 1554 759 1644 (de)
774 1564 816 1620 luis
831 1563 912 1622 rebus
927 1563 1068 1639 agebatur,

97 1697 302 1746 vindicationem
309 1695 477 1760 pertinebant
486 1695 563 1762 (dell.
574 1708 653 1759 m‚10.
671 1697 723 1748 Cic.
730 1713 783 1761 pra
793 1698 864 1750 Mur.
876 1699 911 1764 11)
926 1699 1069 1757 addidisse,

98 1768 197 1818 deinde
215 1768 252 1817 ad
270 1769 335 1834 lepis
353 1769 493 1826 actionem,
512 1784 578 1832 quae
593 1784 644 1832 per
659 1769 755 1818 iudicis
772 1772 971 1832 postulationem
982 1768 1070 1832 fiebat,
1113 1793 1115 1798 .

99 1840 250 1898 transiisse,
261 1840 288 1888 in
298 1854 349 1904 qua
358 1846 384 1889 et
389 1839 478 1901 farma
487 1840 585 1904 apendi
593 1840 795 1890 demonstranda
805 1838 911 1907 (Valer.
918 1839 1016 1890 Probe
1022 1841 1069 1902 fin.

101 1910 172 1960 Fest.
185 1926 209 1960 a.
222 1910 335 1961 Peaeum
340 1925 369 1974 p:
379 1909 431 1975 ite)
440 1917 466 1960 et
475 1910 580 1975 quanda
590 1912 672 1960 lacum
683 1910 844 1970 habeantet
854 1913 917 1976 quid
926 1910 958 1962 ab
968 1910 1070 1960 arbitra

100 1984 146 2033 liti
159 1982 335 2033 aestimandae
348 1981 525 2047 similibusque
539 1981 649 2033 arbitris
663 1983 755 2047 petitis
769 1982 913 2043 distulerit,
932 1983 1070 2034 dicendum

100 2061 176 2110 erat‚·
187 2055 274 2119 itaque
282 2054 339 2103 sine
349 2053 427 2104 dubia
436 2056 513 2103 etiam
523 2056 653 2117 esposuit,
663 2056 690 2104 in
699 2070 752 2104 rem
760 2056 876 2105 actiones
885 2056 933 2105 bac
941 2056 1014 2105 modo
1020 2069 1071 2118 per

100 2126 266 2189 sponsionem
276 2126 423 2189 explicatas
432 2140 488 2175 esse
498 2124 545 2191 (es.
557 2121 664 2175 ‘Gaius'
673 2141 701 2189 p.
710 2124 770 2190 188).
789 2127 906 2191 Denique
916 2128 943 2175 in
954 2133 1071 2175 extrema

101 2195 756 2262 alterapapinaadcondictionemtransitnmfeeit.
797 2195 816 2262 ¹)
825 2197 900 2247 Idaeo
908 2212 972 2262 quae
980 2212 1071 2246 secun-

101 2269 165 2316 dam
176 2266 268 2317 Sebed.
281 2268 447 2317 restituerem
461 2263 519 2332 (sed
530 2264 593 2317 ‘nan
605 2267 638 2317 de
653 2283 804 2332 unaquaque
817 2267 894 2319 aerbo
908 2264 1071 2332 spondens’),

98 2344 164 2401 post
176 2339 306 2404 cognitum
325 2333 370 2386 W
378 2340 461 2402 paula
475 2344 572 2387 mutata
586 2340 663 2387 etiam
677 2354 747 2387 nunc
761 2341 848 2404 quoad
860 2354 961 2391 sensnm
975 2346 1000 2389 et
1014 2338 1071 2389 cad.

102 2410 216 2474 uestigia
225 2410 337 2458 maxime
344 2410 498 2459 verisimilia
504 2424 560 2458 esse
566 2409 642 2459 duca.
658 2409 707 2459 Kr.
716 2410 777 2461 eda
787 2410 967 2461 tantumbabet
976 2411 1072 2475 qualem

102 2487 129 2529 et
139 2487 202 2543 post
212 2496 264 2543 pra
278 2480 391 2543 capiendi
404 2480 492 2530 indicis
507 2496 555 2531 can
573 2476 577 2549 Ι
589 2483 688 2544 partim
703 2496 738 2531 ex
747 2480 847 2531 Blubm.
861 2482 954 2533 Sabed.
974 2483 1071 2546 capien-

103 2552 162 2600 dnm
177 2551 265 2604 iudicio
281 2546 285 2618 l
301 2551 402 2601 Deinde
415 2550 505 2601 Sidus
518 2554 615 2615 priora
629 2554 657 2602 in
672 2554 773 2603 incerta
786 2556 937 2619 relinquens
950 2554 1073 2604 malebat:

103 2623 149 2671 die
162 2621 191 2670 X
194 2618 274 2688 X(X)
283 2622 315 2671 ad
324 2623 427 2672 indicem
442 2622 585 2686 capiendum
598 2631 696 2686 praesto
711 2639 765 2673 esse
780 2624 910 2674 dedebant.
934 2625 966 2673 In
979 2625 1004 2674 θ.
1011 2630 1073 2688 past

104 2693 170 2742 enim
182 2693 281 2757 suerit:
295 2694 365 2743 eund.
376 2693 440 2742 diem
454 2701 479 2741 et
490 2694 606 2757 equalem
620 2693 685 2743 mod.
697 2694 931 2761 capiendiudicl(s)c'
945 2692 948 2762 l
960 2694 1073 2758 dicendid

104 2765 170 2829 dieq.
181 2765 211 2814 ad
222 2765 326 2814 indicem
340 2764 482 2829 capiendum
492 2772 541 2815 etc.
566 2764 766 2815 Praecesserint
775 2780 835 2815 nera
844 2766 904 2829 sere
913 2766 992 2815 baec:
1007 2761 1073 2814 ‘Per

103 2837 295 2887 condictionem
309 2843 406 2886 tantum
421 2835 548 2901 agebatur
562 2837 594 2885 de
603 2836 645 2885 bis
654 2835 740 2895 rebus,
755 2851 819 2901 quas
833 2835 906 2886 nabis
920 2837 982 2885 dani
996 2850 1072 2899 apor-

105 2915 150 2966 tet,
166 2924 241 2973 quam
254 2908 381 2958 actionem
394 2908 471 2957 etiam
481 2923 550 2957 nune
560 2907 749 2957 condictionem
764 2922 892 2958 necamus.
915 2906 950 2956 Et
960 2904 1073 2970 perinde

103 2978 164 3042 fere
173 2980 222 3031 bac
232 2980 306 3030 moda
315 2979 435 3044 aqebant,
445 2979 564 3029 detracta
570 2986 654 3029 tamen
665 2980 721 3042 ipsa
728 2986 900 3037 sacramento,
910 2994 943 3029 ac
950 2981 975 3028 si
981 2992 1072 3029 sacra·

105 3058 190 3101 menta
205 3052 232 3099 in
243 3065 383 3114 personam
392 3046 537 3115 operetur!
590 3046 611 3115 ¹)
622 3050 740 3099 actionem
751 3050 774 3099 in
784 3064 911 3114 personam
921 3049 996 3116 (esse,
1012 3047 1073 3115 qua)

106 3136 142 3171 ex
158 3122 184 3174 0.
199 3129 224 3171 et
237 3121 302 3172 Iust.
317 3122 381 3171 Inet.
396 3123 437 3172 ed.
451 3120 500 3187 Bp.
523 3119 577 3171 Sed
590 3122 629 3171 ed.
645 3131 666 3173 t.
681 3128 709 3171 ut
723 3136 777 3171 nas.
832 3118 853 3188 8)
864 3122 1000 3186 potnerita
1020 3116 1073 3170 V'i.

179 3243 204 3315 ξ.
221 3249 276 3297 17⁸.
299 3247 336 3311 Cf.
352 3249 376 3308 ξ.
391 3257 424 3298 15.
445 3253 469 3296 et
489 3245 526 3295 ibi
539 3253 590 3296 nat.
605 3257 626 3296 2.
642 3243 783 3315 condicere]
799 3269 833 3290 =
848 3249 871 3309 ξ.
887 3256 920 3298 15.
940 3246 1010 3295 Lde
1024 3251 1074 3297 oct.

106 3316 187 3384 (1.6).
241 3313 268 3387 ξ.
284 3320 326 3368 18.
347 3317 386 3380 Of.
400 3329 422 3379 4,
437 3328 457 3370 t.
472 3328 507 3369 aa.
526 3318 550 3379 ξ.
561 3328 594 3368 15.
609 3317 631 3367 I.
647 3318 679 3367 de
693 3326 744 3369 act.
756 3318 830 3384 (no).
846 3319 912 3368 Fest.
923 3333 962 3381 ep.
973 3332 996 3366 n.
1009 3316 1073 3367 Gon·

107 3389 197 3440 dictio.
219 3389 361 3439 Condicere
371 3404 399 3452 p.
415 3400 449 3440 te.
459 3399 494 3441 to,
510 3388 562 3437 Oic.
570 3403 622 3452 pra
640 3388 725 3449 Quint.
740 3402 762 3441 a.
777 3390 800 3451 ἓ.
811 3400 846 3441 eo.
865 3389 959 3439 Donat.
975 3388 1011 3437 ad
1027 3387 1073 3437 Te·

108 3467 175 3510 rent.
196 3461 300 3511 Pbarm.
317 3473 337 3523 1,
352 3470 372 3509 a.
393 3475 415 3508 a.
431 3471 464 3511 tt.
483 3458 556 3509 Sera.
572 3460 608 3509 ad
620 3460 687 3511 Aen.
702 3473 723 3523 a,
739 3472 786 3512 111.
841 3455 866 3528 ξ.
882 3461 924 3510 nt.
946 3459 985 3521 Cf.
999 3457 1073 3509 Seru.

109 3532 145 3580 ad
158 3531 224 3582 Aen,
240 3543 274 3594 10,
288 3543 337 3584 419.
358 3530 402 3579 m.
423 3529 481 3579 Vat.
497 3543 516 3582 o.
539 3528 650 3599 indicati]
665 3533 700 3595 cf.
723 3531 786 3583 Geli.
801 3542 836 3594 20,
851 3544 871 3581 1.
891 3527 1025 3599 uindicem]
1039 3532 1073 3591 cf.

109 3604 133 3664 5.
143 3615 177 3655 se
189 3605 236 3666 fin.
253 3603 319 3653 Fest.
333 3619 355 3652 a.
376 3601 483 3651 Vindex
493 3613 577 3666 peta.
591 3601 681 3653 Baetb.
693 3604 730 3654 ad
741 3603 793 3653 Cia.
808 3602 869 3667 Tap.
880 3615 900 3655 1.
916 3604 939 3665 5.
951 3614 984 3655 10.
996 3619 1024 3667 p.
1035 3614 1074 3653 291
