2550 4000
211 197 273 262 182
518 216 582 251 oin
598 216 704 252 uonna.
724 200 744 252 l.
764 203 874 253 stt—39.

209 358 234 413 sl
248 372 347 412 seruus
366 357 394 411 in
410 356 511 422 ibonis
527 358 592 429 tuis,
611 373 645 413 en
659 360 718 415 iure
733 358 879 426 Quiritium
894 376 972 415 meus
988 361 1050 426 erit,
1065 357 1185 413 latinus

209 440 318 514 quidem
335 444 339 506 1
356 456 371 495 a
392 450 420 496 te
433 439 495 497 solo
511 439 570 497 lieri
585 452 688 515 potest,
710 445 802 500 iterari
817 454 908 499 autern
922 460 938 499 a
952 461 1007 515 me,
1025 459 1081 498 non
1097 445 1185 499 etiam

210 542 225 581 a
241 533 268 580 te
283 533 376 598 potest
391 534 419 581 ot
436 542 470 582 eo
485 526 568 582 modo
582 544 660 583 meus
675 527 789 583 libertus
805 528 846 585 tit.
875 538 919 584 set
933 538 962 584 et
976 530 1074 584 ceteris
1089 527 1183 582 modis

211 612 217 673 Ι
233 612 275 666 ius
287 607 433 677 Quiritium
447 620 610 668 oonseoutus
626 628 702 667 meus
718 612 833 669 libertus
848 612 889 670 tit.
917 612 1061 685 bonolium
1077 620 1183 683 autem,

210 712 281 769 quae
295 712 368 751 nune
386 690 450 750 aut¹
474 712 535 751 oum
555 698 579 752 is
593 698 741 767 morietur,
764 698 920 772 reliquerit,
944 696 994 752 titt
1015 698 1157 770 possessio
1176 700 1181 768 l

209 780 300 850 datur,
312 796 477 853 quoeunque
488 780 570 837 modo
581 782 623 837 ius
631 781 775 849 Quiritium
787 782 869 837 luerit
880 786 1062 847 oonseooltus.
1080 780 1183 853 quodsi

208 865 287 920 eolus
302 871 330 919 et
341 866 368 919 in
381 862 462 919 lionis
472 872 501 920 et
511 882 544 920 ex
554 866 615 922 iure
625 865 771 933 Quiritium
783 868 821 923 sit
830 868 1020 938 manumissus,
1035 865 1068 921 ab
1080 866 1182 923 eodem

208 948 313 1005 seilicet
327 958 356 1005 et
370 948 482 1005 latinus
497 948 556 1005 lieri
567 960 665 1024 potest
679 953 765 1008 etius
781 949 925 1018 Quiritium
940 952 1080 1024 consequi.

271 1029 323 1091 36.
347 1036 411 1093 Non
435 1043 532 1091 tamen
553 1040 725 1107 cuicumque
747 1040 856 1092 noiomi
874 1040 1076 1092 manumittere
1097 1039 1178 1092 lieet.
1192 1044 1240 1097 tuo?

207 1112 254 1175 37.
271 1118 346 1176 Nom
360 1125 396 1193 is,
411 1124 462 1195 qni
475 1122 503 1176 in
518 1118 642 1176 fraudem
652 1120 820 1177 creditorum
836 1120 879 1175 uel
894 1122 922 1175 in
938 1120 1057 1176 lrautlem
1068 1123 1181 1195 patroni

207 1205 386 1276 manumittit,
401 1205 468 1263 nihil
483 1207 551 1280 agit,
567 1208 629 1278 quia
645 1206 688 1261 lex
700 1204 776 1261 llella
786 1204 878 1261 Sentia
894 1204 998 1278 inpedit
1012 1205 1179 1262 libertatem.

207 1286 256 1347 38.
276 1289 342 1346 ltem
365 1292 457 1347 eadem
478 1289 540 1363 lege
560 1292 659 1346 minori
673 1308 715 1347 xx
736 1306 869 1346 annorum
889 1289 999 1345 domino
1020 1306 1076 1345 non
1098 1289 1180 1344 aliter

156 1381 197 1436 10,
210 1376 401 1430 manumittere
423 1375 604 1449 permittitur,
632 1390 712 1446 quam
740 1376 764 1429 si
786 1374 903 1431 uindicta
928 1376 1002 1446 apud
1022 1368 1178 1450 eoolsilium

205 1458 277 1511 iusta
288 1472 371 1513 eausa
379 1458 600 1514 manumissionis
612 1457 760 1532 adprobata
770 1452 1000 1515 ’manumiserit.²
1023 1454 1075 1515 89.
1086 1458 1178 1513 lustae

207 1549 297 1596 autem
319 1558 417 1598 musae
438 1541 657 1597 manumissionis
679 1553 744 1599 sunt
767 1543 852 1599 ueluti
875 1545 899 1599 si
921 1544 982 1616 quis
1004 1552 1107 1616 patrem
1128 1554 1177 1597 aut

205 1633 317 1680 matrem
340 1636 386 1682 aut
407 1627 597 1701 paedagogum
620 1636 668 1682 aut
690 1626 893 1684 conlactaneum
916 1631 1097 1685 manumittat.
1125 1629 1175 1684 soti

205 1718 234 1766 et
248 1709 311 1765 illae
326 1728 434 1783 causae,
456 1728 523 1785 quas
538 1712 665 1784 superius
684 1714 713 1767 in
727 1729 810 1768 seruo
832 1714 937 1768 minore
957 1730 1022 1769 xxx
1041 1729 1175 1769 annorum

205 1796 391 1869 exposuimus,
406 1797 439 1851 ad
454 1797 653 1869 huncquoque
668 1814 771 1868 casum,
792 1797 825 1852 de
841 1814 896 1870 quo
911 1796 1059 1870 loquimur,
1075 1798 1176 1853 adferri

204 1889 333 1951 possunt.
377 1882 443 1936 item
464 1897 497 1935 er
520 1880 631 1937 diuerso
654 1882 703 1936 hae
725 1898 836 1952 causae,
866 1900 933 1954 quas
955 1882 984 1937 in
1005 1884 1111 1939 minore
1131 1902 1175 1941 xx

204 1978 340 2020 annorum
362 1964 473 2022 domino
495 1966 669 2039 rettulimus,
692 1968 796 2041 porrigi
817 1976 936 2041 possunt
957 1976 985 2024 et
1006 1966 1039 2022 ad
1062 1984 1174 2024 seruum

203 2136 308 2186 dubium
326 2139 459 2188 voeondns
477 2154 528 2188 non
547 2147 613 2188 erat.
688 2136 709 2202 ἒ)
729 2139 886 2188 Persianas
904 2140 1007 2187 litteras
1021 2139 1174 2204 simpulores

204 2208 231 2257 G.
249 2207 339 2259 Omisit
353 2207 406 2260 Kr.
422 2212 461 2262 ed.
476 2222 497 2260 2.
513 2213 541 2259 in
561 2218 684 2260 contestu
703 2226 753 2274 qno
769 2211 844 2270 laeto
863 2227 885 2258 o.
906 2211 927 2258 is
946 2211 1033 2259 alieno
1051 2213 1108 2279 loeo
1123 2226 1174 2274 po·

202 2281 254 2328 sito
265 2281 339 2341 ferri
352 2297 402 2330 non
413 2289 509 2344 potest,
523 2283 692 2339 eminemus,
707 2282 776 2344 qood
789 2283 854 2330 cinis
864 2280 936 2331 Rom.
947 2281 1035 2330 liberti
1048 2281 1174 2331 bonorum

198 2353 382 2412 possessionis,
401 2366 452 2399 non
466 2352 620 2400 hereditatis
633 2354 728 2401 mentio
739 2354 777 2414 fit.
806 2350 944 2418 Intellege:
962 2368 1033 2412 nuno,
1048 2369 1104 2403 enm
1118 2353 1173 2401 Ln-

201 2420 273 2467 tinus
282 2422 387 2469 civitate
396 2428 494 2470 mutato
503 2424 626 2472 maiorem
641 2423 725 2483 (immo
735 2424 880 2481 maximam,
895 2425 965 2488 quod
978 2440 1044 2474 nova
1054 2424 1174 2474 Romano

202 2491 296 2538 eioitas
318 2505 353 2539 eso
375 2493 499 2542 servitute
522 2502 606 2542 ortom
624 2493 768 2543 libertatem
785 2496 812 2544 ei
829 2494 958 2561 assignat)
977 2498 1072 2559 capitis
1092 2496 1173 2544 demi-

202 2563 332 2610 nutionem
346 2578 444 2626 passos
457 2565 533 2613 etiam
552 2564 619 2614 bono
636 2581 686 2614 sno
700 2567 806 2625 omittit,
825 2581 891 2630 qnae
910 2567 947 2615 od
964 2569 1174 2616 manumissorem

106 2670 113 2679 .
202 2646 254 2681 non
273 2634 326 2682 nisi
344 2634 414 2684 Data
432 2634 455 2684 b.
467 2651 495 2699 p.
510 2652 542 2685 ne
557 2638 693 2699 pertinere
708 2645 833 2700 possunt;
850 2645 876 2686 et
894 2639 989 2687 deinde
1003 2653 1057 2687 com
1073 2638 1094 2686 is
1109 2636 1174 2702 (inm

202 2705 269 2754 einis
283 2704 355 2756 Rom.
367 2705 468 2772 foetos)
482 2709 592 2766 moritur,
610 2723 658 2757 neo
678 2724 744 2772 quoe
762 2716 815 2758 tum
828 2709 923 2758 omittit
937 2708 1003 2758 bono
1017 2709 1173 2758 hereditatis

201 2776 260 2826 iore
278 2793 314 2826 ea·
331 2782 384 2825 111
400 2779 496 2829 tabulis
514 2780 551 2829 od
567 2796 635 2837 eum,
656 2781 700 2842 qui
719 2796 775 2829 enm
797 2794 848 2829 non
867 2795 903 2828 ea*
921 2782 938 2827 i.
957 2777 985 2838 Q.
994 2781 1066 2829 «iuste
1081 2795 1172 2828 manu·

201 2850 315 2908 miserat,
326 2853 467 2914 pervenire
476 2858 608 2915 potennnt.
645 2849 715 2899 Sane
734 2851 796 2900 ltoie
810 2866 862 2899 non
873 2851 947 2911 fovet
960 2864 998 2906 eo,
1021 2865 1086 2913 qnae
1100 2867 1172 2900 nuno

201 2919 350 2969 dominatur
365 2922 439 2985 falso
458 2923 490 2971 de
504 2939 561 2987 cop.
577 2923 751 2971 deminutione
764 2922 894 2970 doctrino.
922 2918 976 2966 Sed
988 2921 1067 2982 lonpo
1080 2921 1171 2984 dispu-

201 2993 266 3039 tatio
279 2993 406 3041 rationem
423 2995 501 3042 etiam
518 2993 615 3042 habens
636 2991 698 3040 Gaia·
711 3003 732 3048 3,
747 3003 773 3042 ⁷2
792 2990 869 3039 leuius
888 2990 941 3038 loci
959 2995 1069 3036 nonest.
1107 2991 1170 3042 Via,

200 3067 286 3109 autem
294 3069 405 3124 praeter
419 3077 440 3121 1,
454 3076 495 3114 loo
508 3063 546 3112 ad
557 3075 579 3121 2,
592 3075 632 3115 157
646 3070 736 3111 notata
750 3069 775 3110 et
788 3072 810 3118 s,
826 3071 871 3110 15³.
955 3054 976 3120 ¹)
991 3059 1062 3107 luerit
1078 3059 1104 3108 0.
1125 3060 1173 3110 V!t
1199 3087 1214 3116 o

202 3131 261 3179 edd.
284 3132 323 3193 Cf.
338 3132 403 3181 Inst.
416 3131 464 3200 [si]
478 3129 576 3201 [luerit]
589 3134 629 3182 ed.
645 3132 694 3182 Kr.
709 3145 730 3182 2.

271 3288 316 3360 ἕξ.
331 3295 375 3343 36.
389 3295 433 3343 st.
448 3315 482 3334 =
492 3307 537 3356 pr.
552 3291 575 3341 Ι.
589 3292 659 3357 quib.
673 3308 708 3342 ex
727 3308 799 3343 eous.
817 3308 926 3342 monum.
943 3290 975 3357 (1,
990 3291 1023 3359 o).
1053 3292 1091 3356 Cf.
1111 3291 1167 3358 Uip.

199 3374 270 3422 1,1s.
316 3359 633 3430 §.38.=§.t.1.eod.
655 3363 694 3426 Cf.
714 3363 770 3428 Illp.
785 3376 807 3423 1,
821 3376 855 3415 as.
881 3364 925 3413 Fr.
940 3364 1041 3414 Dositiz.
1055 3376 1089 3415 1³.
1108 3363 1169 3414 Lex

199 3434 274 3483 Han.
292 3433 366 3498 Solp.
380 3447 414 3486 28.
438 3435 507 3485 Ine
527 3435 554 3486 0.
568 3436 601 3486 de
618 3442 676 3484 test.
695 3436 748 3486 mil.
768 3435 805 3500 (o,
824 3436 869 3500 21).
942 3432 1167 3503 ξ.39.0[.1,19.

198 3507 222 3568 5.
236 3516 258 3556 s.
282 3505 386 3570 Lquit.
406 3523 443 3556 es
456 3523 480 3557 e.
498 3517 607 3556 monum.
628 3506 661 3571 (1,
674 3505 707 3570 o).
731 3508 764 3556 L.
779 3519 799 3558 s.
819 3519 964 3558 11-1o.1s.
980 3516 1063 3557 eoas.
1087 3507 1120 3555 D.
1134 3507 1167 3556 de

198 3593 308 3627 manum.
330 3580 400 3629 vind.
419 3577 469 3646 (tit,
488 3578 519 3645 a).
548 3579 580 3627 L.
600 3591 635 3630 al.
663 3579 696 3628 D.
716 3581 761 3645 qni
779 3587 834 3628 eto
852 3578 919 3643 quib.
941 3593 1050 3626 manum.
1069 3577 1114 3641 (tu,
1132 3577 1166 3642 9).
