2550 4000
191 210 255 274 400
516 225 575 264 om
592 227 693 262 susum
711 208 759 265 IV.
779 214 835 264 loo.

191 370 283 426 statim
299 378 384 444 petat,
400 377 544 442 antequem
560 385 593 425 ex
609 369 668 425 iure
684 378 771 440 exest,
786 370 876 442 idest,
893 379 1036 444 antequam
1051 387 1065 426 a
1080 387 1163 445 prse-

193 463 254 510 toro
274 453 412 523 discedot3
435 470 499 511 sero
521 455 592 510 enlm
617 453 774 527 petentibus
800 471 855 512 non
879 455 1047 529 indulgetur.
1090 451 1159 513 loo.

192 538 290 612 ltaque
310 539 334 595 sl
355 538 485 596 arbitrum
506 554 561 594 uon
581 540 706 612 petierit,
730 539 777 596 sed
799 539 898 596 tacitus
920 539 954 596 de
974 541 1032 596 iure
1052 540 1160 613 exierit,

194 639 255 679 oum
275 622 398 696 periculo
413 640 457 680 res
472 624 505 679 ari
525 624 628 679 exitum
649 623 824 697 perducitur:
847 640 907 682 nam
929 632 1005 681 sotor
1024 634 1163 700 prouocat

195 707 382 764 aduersarium
397 707 568 782 sponsione,
584 711 617 765 ni
623 701 633 742 ¹
649 717 745 765 contra
760 708 877 766 edictum
892 710 1027 782 praetoris
1042 725 1097 765 non
1112 725 1163 765 ex·

194 791 316 848 hibuerit
337 801 385 849 sut
404 807 461 848 uon
475 794 644 861 restituerit3
667 792 713 848 ille
731 801 821 850 autem
837 793 968 850 aduersus
983 794 1161 868 sponsionem
1265 847 1266 860 .

196 876 344 933 aduersarii
363 877 558 951 restipulatur3
581 877 679 934 deiude
699 886 776 936 sotor
796 878 905 950 quidem
925 879 1081 952 sponsionis
1102 878 1163 934 lor·

194 961 293 1018 mulam
314 961 372 1018 edit
386 961 552 1033 aduersario,
575 961 620 1018 ille
642 962 704 1019 huic
725 964 840 1019 inuicem
859 963 1087 1037 restipulationis:
1109 963 1162 1019 sed

194 1052 271 1102 octor
290 1046 445 1119 sponsionis
466 1046 611 1104 formulae
624 1047 728 1105 subicit
743 1056 771 1105 et
786 1047 862 1104 eliud
880 1046 1007 1103 iudicium
1022 1048 1055 1104 de
1070 1063 1099 1103 re
1114 1063 1160 1102 re·
1182 1059 1247 1111 [sno]

194 1129 333 1186 stituends
352 1129 397 1186 uel
418 1131 582 1201 exhibenda,
606 1139 636 1186 ut
657 1133 680 1188 si
702 1134 851 1206 sponsione
872 1133 985 1202 uicerit,
1006 1133 1097 1189 nisisi
1113 1149 1161 1188 res

125 1228 184 1277 242.
194 1214 352 1272 exhibeatur
366 1223 413 1271 ant
427 1209 614 1286 restituatur,²
630 1208 634 1294 Ι

130 1292 201 1376 ...,
742 1312 745 1317 .

125 1357 183 1406 243.

133 1423 151 1462 t.
165 1432 182 1463 s.

1008 1413 1164 1425 ..—-——

189 1550 264 1613 plius
278 1549 314 1598 ibi
326 1549 453 1613 scriptum
463 1549 549 1612 fuisse
567 1550 648 1599 nisum
666 1549 714 1612 sit,
734 1549 827 1598 omisit.
864 1547 952 1611 Ipsum
967 1552 1116 1611 praetorem
1131 1547 1161 1595 in

195 1620 334 1672 interdicto
352 1620 456 1670 reddito
474 1620 543 1670 bane
561 1619 765 1670 observationem
783 1621 821 1678 ei,
840 1621 942 1683 quicum
961 1617 1098 1684 apebatur,
1118 1619 1162 1666 in·

194 1692 322 1749 innuisse,
336 1691 430 1741 docent
445 1690 527 1741 Probi
545 1698 621 1740 notae
634 1689 763 1740 Einsidet.
787 1705 869 1754 supra
885 1706 913 1753 p.
928 1700 975 1741 ltu.
1050 1684 1070 1753 ¹)
1085 1703 1162 1753 spon-

194 1763 287 1811 sionem
308 1761 334 1811 0.
358 1762 488 1826 sponsione
510 1759 601 1827 (quod)
621 1761 672 1810 Kr.
694 1762 734 1811 ed.
756 1774 777 1812 2.
852 1757 920 1826 ¹)In
935 1776 964 1824 p.
981 1771 1043 1822 212,
1061 1761 1088 1810 in
1107 1775 1162 1824 qua

195 1834 297 1883 omnino
320 1833 388 1882 nibil
411 1841 482 1883 certo
501 1835 553 1898 lepi
571 1835 671 1897 potuit,
686 1834 800 1896 primum
823 1832 888 1881 baec
908 1832 968 1895 fere
991 1839 1080 1881 secuta
1103 1845 1163 1880 esse

193 1906 328 1968 suspicor:
348 1901 495 1961 ‘tantidem
513 1905 605 1969 quanti
624 1905 730 1968 sponsio
747 1905 822 1966 sacta
840 1904 888 1962 sit,
907 1903 1080 1952 aduersarius
1098 1917 1163 1952 eon-

194 1976 341 2025 demnetur:
364 1976 434 2040 quod
456 1975 580 2027 iudicium
603 1977 751 2040 appellatur
769 1975 938 2033 secutorium,
962 1975 1024 2039 quia
1041 1974 1164 2039 sequitur

193 2048 342 2110 sponsionis
355 2048 494 2098 uictoriam
510 2048 555 2113 (ef.
571 2049 593 2109 5.
609 2060 648 2098 loo
656 2045 723 2112 fin).
751 2045 863 2110 Sponsio
878 2061 941 2097 uero
955 2053 981 2095 et
994 2046 1163 2108 restipulatio

195 2120 262 2167 tanti
272 2119 316 2181 fit,
335 2120 427 2183 quanti
444 2126 520 2169 actor
534 2134 590 2168 eom
608 2133 659 2169 non
679 2119 823 2167 calumniae
843 2131 924 2167 eausa
940 2118 1002 2179 fieri
1020 2117 1162 2165 iurauerit.

196 2188 247 2253 (Of.
263 2189 294 2238 L.
311 2202 330 2242 t.
345 2191 369 2252 5.
383 2202 404 2240 1.
425 2191 458 2239 D.
469 2191 539 2254 quod
551 2191 578 2239 oi
591 2196 638 2239 aut
652 2192 684 2240 et.
698 2200 732 2251 ts,
748 2200 782 2239 st.
802 2187 880 2237 uerba
896 2184 994 2250 ‘simpli
1003 2189 1071 2237 litem
1081 2188 1162 2236 aesti-

194 2257 347 2327 mandam’.)
371 2261 467 2311 Postea
485 2262 579 2320 iudex,
598 2261 669 2325 apud
688 2275 760 2325 quem
774 2261 805 2309 ds
819 2275 850 2308 ea
869 2275 899 2308 re
917 2260 1019 2323 apitur,
1038 2259 1163 2322 requirit,

195 2347 230 2380 an
240 2346 301 2380 reus
308 2338 401 2382 eontra
410 2334 521 2382 edietum
529 2334 664 2396 praetoris
671 2347 721 2382 non
729 2332 874 2381 restituerit
883 2337 986 2379 autnon
997 2328 1163 2386 exibuerit,-

195 2409 220 2451 et
238 2404 263 2450 si
283 2403 423 2452 secundum
445 2411 560 2453 actorem
582 2403 724 2453 iudicatum
747 2404 811 2462 erit,
834 2402 1018 2451 aduersarium
1039 2415 1163 2449 summam

195 2474 344 2555 sponsionis
358 2480 382 2522 et
395 2475 421 2522 si
434 2489 484 2523 non
499 2475 646 2523 restituerit
660 2476 701 2523 uel
711 2489 762 2524 non
771 2472 928 2533 exhibuerit,
943 2474 1020 2521 etiam
1029 2471 1162 2521 secutoris

196 2542 295 2593 audicio
310 2544 473 2603 condemnat,
492 2552 606 2594 actorem
620 2560 684 2594 uero
702 2545 909 2609 restipulationis
923 2542 1049 2599 absoluit;
1067 2542 1163 2606 quodsi

195 2615 335 2679 seeundum
349 2630 421 2664 reum
440 2616 608 2673 indicauerit,
626 2616 695 2666 bunc
713 2616 862 2681 sponsionis
881 2622 905 2665 et
922 2615 1049 2664 secutorii
1066 2613 1163 2663 iudicii

195 2684 320 2746 absoluit,
339 2694 453 2738 actorem
467 2702 530 2737 uero
544 2687 753 2751 restipulationis
767 2686 926 2737 condemnat.
942 2713 975 2721 -
990 2684 1062 2733 Hinc
1080 2683 1163 2737 uatus

197 2758 234 2807 ud
242 2756 421 2821 probibitoria
436 2759 576 2808 interdicta
586 2759 724 2807 transitum
734 2759 837 2807 uidetur
845 2758 950 2821 fecisse,
966 2757 1004 2805 ita
1014 2762 1042 2804 ut
1047 2756 1163 2820 primum

198 2829 229 2877 de
243 2828 403 2893 simplicibus
412 2836 509 2895 speret,
524 2829 618 2878 deinde
627 2830 660 2878 de
670 2828 825 2892 duplicibus,
840 2828 876 2877 ad
885 2842 950 2892 quae
959 2832 1085 2890 spectant,
1096 2840 1163 2890 quae

198 2900 225 2948 in
231 2915 260 2963 p.
270 2911 318 2950 211.
329 2906 486 2951 tractantur.
509 2900 670 2950 Accuratius
680 2915 741 2949 uero
751 2900 815 2964 quid
829 2900 856 2948 in
867 2914 895 2962 p.
906 2910 953 2949 212.
964 2904 988 2946 et
997 2907 1046 2947 112.
1065 2897 1163 2946 dietum

195 2970 287 3032 fuerit,
302 2971 383 3021 donec
394 2971 553 3035 fortioribus
562 2972 683 3021 remediis
692 2969 816 3021 adhibitis
826 2971 908 3034 plura
918 2971 1003 3034 tepere
1013 2967 1163 3033 conciperit,

198 3056 230 3089 ne
240 3043 391 3091 coniectura
400 3044 501 3106 quidem
511 3045 675 3107 aliquatenus
685 3040 819 3106 probabili
827 3040 933 3103 definiri
942 3046 1037 3104 potest,
1051 3038 1164 3088 monime

198 3166 223 3226 5.
237 3177 258 3215 s.
278 3165 310 3213 D.
326 3166 396 3230 quod
408 3168 458 3232 lep.
473 3165 518 3232 (ss,
533 3164 565 3233 s).
584 3167 617 3217 D.
631 3179 653 3218 s.
668 3168 691 3229 5.
707 3178 740 3217 11.
760 3165 793 3215 D.
804 3166 836 3215 de
849 3164 899 3215 tab.
909 3164 970 3213 ent.
984 3161 1031 3230 (ss,
1046 3160 1078 3227 s).
1098 3162 1130 3211 J..
1142 3174 1163 3213 s.

199 3237 223 3297 5.
237 3248 271 3288 ss.
292 3236 324 3285 D.
339 3252 371 3286 ne
385 3237 450 3301 quid
462 3239 490 3287 tn
505 3240 562 3288 loco
572 3255 601 3303 p.
617 3236 662 3304 (ns,
675 3236 708 3304 s).
728 3237 759 3285 L.
776 3249 796 3288 1.
813 3238 836 3299 5.
852 3248 886 3286 11.
906 3235 937 3286 L.
951 3246 971 3286 s.
988 3244 1022 3285 ns.
1042 3233 1075 3283 D.
1091 3232 1123 3283 ote
1137 3235 1164 3281 vt

199 3305 245 3372 (ts,
260 3305 305 3373 ιε).
325 3308 356 3357 L.
369 3320 402 3360 rs.
421 3309 461 3371 55.
477 3321 559 3361 a-rs.
579 3309 611 3359 J..
622 3320 656 3359 m.
671 3310 693 3371 5.
705 3319 725 3360 n.
740 3307 773 3356 D.
784 3308 853 3373 qnod
866 3309 893 3356 vi
907 3306 952 3373 (ts,
962 3303 1007 3371 ss).
1022 3305 1055 3355 D.
1070 3316 1090 3355 s.
1107 3306 1131 3366 5.
1141 3316 1162 3354 a.

199 3378 230 3429 D.
245 3379 277 3427 de
287 3394 395 3443 precor.
409 3378 459 3444 (to,
473 3378 518 3447 26).
538 3380 570 3429 L.
581 3392 615 3432 ott
634 3381 667 3429 D.
682 3381 714 3430 de
729 3381 769 3429 rei
782 3379 852 3428 vind.
869 3379 904 3445 (o,
920 3376 952 3443 1).
974 3376 1018 3425 csl.
1034 3371 1162 3443 iudicium]

199 3450 352 3511 cfi55.1to.
368 3462 415 3502 181.
436 3448 542 3502 ‘Gaius’
557 3468 583 3515 p.
599 3462 638 3502 son
652 3467 704 3516 seq.
761 3446 787 3518 ξ.
805 3450 863 3501 166.
884 3448 1024 3512 Cf.5.141.
1047 3447 1100 3497 Cio.
1111 3460 1163 3510 pro

200 3519 275 3590 Caes.
289 3532 310 3571 s.
323 3532 357 3572 s1.
372 3533 407 3572 ss.
427 3537 479 3586 pro
497 3522 662 3575 Tattenos.
680 3523 717 3572 ad
734 3522 786 3570 div.
802 3532 827 3583 s,
843 3530 877 3571 21.
898 3518 1009 3579 Quintil.
1024 3517 1045 3570 I.
1063 3515 1091 3567 θ.
1107 3530 1128 3579 r,
1142 3528 1163 3569 s.

198 3590 222 3651 5.
236 3600 257 3639 s.
277 3589 337 3640 Lex
351 3590 432 3641 Rubr.
448 3609 470 3644 o.
485 3605 519 3646 22.
