2550 4000
409 279 466 315 ean
483 279 574 315 maana.
594 261 641 316 IV.
661 267 774 316 50-52.
1002 261 1067 326 363

111 406 163 468 50.
177 409 271 466 Certae
286 411 414 483 pecuniae
430 409 507 466 uelut
521 411 549 466 in
561 428 591 466 ea
604 409 728 482 formula,
743 427 796 485 qua
812 419 911 468 certam
927 411 1067 483 pecuniam

111 496 247 569 petimns3
264 494 387 550 namiiiic
401 496 453 550 ima
474 503 551 568 parte
569 494 701 550 formulae
715 495 752 551 ita
774 503 830 551 est:
849 511 955 566 tvnax,
970 511 1067 553 arnn-

111 595 190 636 aava
211 593 368 635 naamam
388 594 470 636 avno
490 593 608 636 nonnae
630 593 825 637 saaraanwaa
844 597 865 635 x
884 594 975 635 annae
996 593 1068 636 oon·

111 678 230 720 nanae.
261 677 376 720 s1non
398 678 513 734 ranan,
534 677 684 719 anaonva.
718 660 761 721 61,
778 662 899 719 Incertae
919 677 983 718 vero
1005 678 1068 718 con·

113 747 249 804 damnatio
264 748 394 819 pecuniae
416 746 550 819 duplicem
570 745 794 819 significationem
816 745 911 802 hahet:
935 755 977 802 est
998 747 1068 802 enim

106 846 168 893 ,una
182 823 273 888 ἐιιηι1
289 830 379 903 aliqua
394 828 593 903 praefinitione,
609 845 677 903 quae
693 830 777 904 uulgo
795 829 894 886 dieitur
916 846 978 885 enm
997 837 1069 885 taxa·

114 915 199 984 tione,
217 914 293 970 uelut
306 915 329 968 si
345 916 478 969 incertum
494 913 594 988 aliquid
608 921 748 986 petamus3
768 930 829 969 nam
848 913 905 970 illic
924 914 976 969 ima
992 921 1068 987 parte

115 997 250 1054 formatae
263 999 301 1054 ita
316 1005 372 1054 est:
387 991 496 1074 (aare),
511 1014 618 1068 wana,
638 1013 801 1055 nvaamvnn
815 1012 971 1056 naamnvaa
986 1012 1068 1054 avno
1132 1025 1134 1030 ·

113 1097 233 1139 naitano
255 1096 427 1139 nvnnaxaa
454 1096 652 1141 sasnaaravn
671 1099 691 1136 x
710 1095 801 1138 naun
822 1095 1002 1139 donnanae.
1039 1095 1069 1138 s1

114 1180 178 1223 non
192 1181 305 1236 aanor,
327 1180 480 1225 aeaoavn.
510 1165 555 1220 uel
574 1166 676 1220 incerta
696 1173 737 1220 est
758 1173 786 1220 et
805 1162 925 1235 infinita,
947 1167 1026 1222 uetat
1046 1167 1069 1220 si

115 1264 173 1305 rem
189 1248 306 1321 aliquam
322 1264 335 1303 a
351 1250 507 1321 possidente
523 1256 643 1304 nostram
659 1264 719 1304 esse
733 1256 868 1322 petamus,
888 1247 915 1303 id
935 1256 989 1318 est,
1004 1250 1025 1303 si
1041 1249 1069 1304 in

113 1348 172 1388 rem
183 1348 297 1406 agamus
312 1331 358 1388 uel
373 1333 405 1388 ad
417 1331 610 1394 exhibendum:
625 1347 686 1387 nam
701 1331 809 1388 illicita
824 1338 881 1388 est:
897 1345 1013 1396 ovanna
1028 1348 1071 1406 aa

112 1433 175 1474 aas
199 1433 292 1484 amr,
315 1432 444 1476 ranam
465 1431 636 1486 enormen,
659 1431 770 1486 arnan,
800 1431 963 1474 nvnnmvn
982 1431 1071 1473 aanor

112 1516 196 1558 mvn
211 1493 337 1556 ’naoau2
354 1516 530 1558 donnanae.
562 1514 592 1556 an
612 1515 675 1557 non
689 1514 801 1571 Pitana,
822 1492 993 1560 nasonva.³
1022 1496 1069 1556 52.

112 1581 194 1650 ’Quid
210 1599 276 1656 erqo
291 1578 371 1640 estt⁴
385 1584 476 1655 iudex,
490 1586 514 1640 ai
533 1581 703 1651 condemnet,
724 1592 825 1640 certam
844 1585 985 1657 pecuniam
1005 1601 1070 1640 con-

44 1675 101 1722 [282]
112 1666 243 1724 demnare
254 1666 345 1738 debet,
358 1669 409 1724 etsi
424 1675 498 1726 certa
512 1669 625 1742 pecnnia
640 1668 667 1722 in
679 1667 903 1724 condemnatione
914 1669 1003 1741 posita
1014 1684 1069 1724 non

112 1753 165 1808 sit:
188 1749 269 1806 debet
294 1761 384 1807 autem
410 1751 490 1808 iudex
516 1752 672 1823 attendere,
693 1759 725 1809 ut
745 1767 806 1808 cam
829 1759 918 1808 certae
939 1753 1069 1824 pecuniae

114 1835 306 1914 condemnatio
322 1837 410 1908 posita
425 1838 472 1907 sit,
493 1852 581 1908 neque
596 1835 702 1890 maioris
724 1851 811 1909 neque
833 1836 943 1891 minoris
966 1851 1070 1890 summa

111 1921 204 1994 posita
219 1919 392 1992 condemnet,
409 1920 528 1994 alioquin
550 1919 624 1974 litem
640 1935 715 1975 suam
737 1919 814 1984 iacit3
837 1920 901 1975 item
924 1920 947 1974 si
969 1921 1069 1976 taxatio

111 1998 234 2079 ’poeita⁵
249 2006 293 2075 sit,
309 2020 344 2060 ne
355 2005 441 2080 pluris
457 2004 618 2061 condemnet
634 2020 713 2077 quam
723 2011 841 2059 tanatum
857 2005 904 2076 sit,
919 2004 987 2061 alias
999 2006 1069 2060 enirn

113 2088 239 2146 similiter
259 2088 334 2145 litem
355 2106 431 2145 suam
451 2088 530 2145 iacit:
552 2088 665 2144 minoris
687 2096 775 2143 autem
796 2087 920 2145 damnare
940 2086 945 2162 Ι
965 2089 989 2145 ei
1009 2098 1140 2161 per-206.

112 2225 328 2233 ——-—..—-

190 2290 211 2359 ¹)
224 2308 285 2357 qaae
304 2293 331 2341 V
332 2289 360 2342 ⁸2.
422 2288 443 2357 ¹)
456 2294 495 2343 oie
515 2292 543 2341 V
543 2289 564 2325 Β*
576 2300 602 2341 et
610 2299 675 2355 pata
690 2294 819 2351 contuito,
834 2293 895 2355 qaia
908 2292 951 2342 laic
964 2307 1071 2355 praece·

114 2363 206 2414 dedat:
224 2366 277 2413 nisi
289 2380 343 2413 rem
357 2363 469 2413 arbitrio
483 2370 527 2413 tua
536 2362 578 2413 Aa
587 2363 629 2413 Aa
643 2364 770 2414 restituat.
822 2359 842 2419 ³)
857 2363 974 2411 absoluito
987 2363 1012 2413 0.
1023 2362 1072 2428 (eie

110 2451 165 2499 pro
180 2434 261 2484 lubitu
275 2452 292 2483 a
306 2434 416 2484 librario
431 2436 563 2498 explicata
577 2431 649 2499 nota)
668 2434 725 2484 edd.
776 2430 798 2499 ⁴)
812 2432 857 2482 Eae
871 2433 910 2483 ed.
924 2432 998 2483 Stad.
1013 2450 1071 2483 nant

114 2507 203 2569 aptius
217 2506 265 2555 doe
275 2506 377 2555 videtur
386 2512 411 2553 et
421 2505 520 2554 cadicio
528 2506 677 2568 scripturae
687 2505 747 2567 fere
757 2519 807 2554 non
818 2506 901 2553 minas
910 2506 1071 2561 conveniens,
1104 2536 1105 2539 =

115 2592 191 2640 quarn
204 2576 273 2639 quad
288 2577 343 2639 ipae
356 2583 433 2625 antea
447 2576 579 2625 edideram
593 2575 638 2633 Qui
653 2575 682 2623 de
696 2590 722 2623 re
737 2590 794 2625 uero
809 2575 878 2623 iudex
894 2583 937 2627 est.
991 2572 1011 2641 5)
1025 2574 1071 2625 Sia

120 2646 148 2695 V
148 2643 170 2679 ¹*
178 2662 232 2710 pra
246 2647 319 2709 petita
335 2646 360 2695 C.
375 2645 433 2694 edd.
462 2644 536 2705 Quod
548 2645 701 2695 addideram
711 2644 836 2710 n(ummo),
851 2646 912 2709 qaia
921 2661 973 2693 ana
984 2648 1071 2695 littera

115 2718 144 2766 in
156 2716 181 2766 C.
193 2718 279 2765 deesse
289 2710 433 2773 dicebatur,
448 2731 516 2764 nunc
526 2717 608 2772 amici,
623 2731 679 2764 cam
688 2713 777 2763 Staius
787 2722 864 2772 notet,
876 2715 990 2776 feriatae
1005 2715 1071 2764 atati
1159 2719 1162 2724 '

115 2789 226 2851 arreptius
248 2788 372 2851 seriptum
388 2787 485 2849 saitae,
506 2801 553 2835 nee
576 2786 645 2835 aliae
666 2799 780 2834 nummus
800 2786 828 2833 in
849 2784 897 2833 doc
921 2786 1009 2833 codice
1032 2787 1071 2834 ric

116 2866 227 2908 notetur.

116 2973 330 2981 ——--—--

188 3039 214 3111 ξ.
230 3045 272 3093 50.
289 3041 327 3105 Of.
345 3040 456 3104 Oicpra
471 3040 735 3103 accedentem.
754 3038 860 3099 Quanta.
876 3039 897 3089 I.
911 3038 937 3090 0.
948 3052 970 3098 4,
981 3052 1000 3091 a.
1016 3041 1038 3101 ξ.
1049 3051 1069 3092 o.

116 3109 143 3182 ᾗ.
153 3115 196 3164 51.
208 3113 246 3177 Cf.
257 3125 278 3175 9,
288 3123 335 3163 tea.
346 3112 414 3161 Fert.
426 3128 464 3175 ep,
472 3129 494 3161 v.
514 3112 606 3161 Taoeat.
613 3128 641 3175 p.
652 3122 699 3163 999.
718 3111 768 3161 Cic.
775 3126 826 3174 pro
842 3110 905 3160 Tuti.
917 3124 937 3162 a.
954 3111 1043 3161 Caiiat.
1051 3122 1071 3170 9,

117 3196 138 3235 a.
158 3186 181 3245 §-
197 3197 217 3235 1.
237 3183 296 3233 Lex
310 3182 390 3232 Rabr.
407 3198 428 3232 e.
445 3195 478 3233 99.
499 3180 617 3246 (‘Gat'aa'
631 3180 728 3247 19291).
755 3181 860 3242 Quintil.
875 3182 947 3232 Deel.
959 3194 990 3233 19.
1010 3181 1071 3232 Ina.

120 3254 146 3303 C.
157 3255 189 3304 de
203 3257 267 3304 inat.
277 3256 336 3317 stip.
352 3251 383 3320 (9,
394 3252 438 3318 99).
459 3253 491 3303 L.
500 3265 533 3304 99.
553 3256 576 3316 ξ.
587 3266 606 3304 1.
626 3254 659 3302 D.
679 3254 710 3302 de
720 3255 807 3317 operia
817 3253 859 3302 itt.
875 3251 961 3319 (991).
982 3252 1071 3302 Iurato

118 3332 193 3375 actor
207 3324 371 3384 aestimabat,
386 3326 476 3389 quanti
486 3324 601 3387 formala
615 3331 762 3373 taxaretur.
783 3324 814 3371 L.
826 3336 845 3375 9.
866 3324 897 3372 Ι).
918 3324 949 3371 de
963 3324 990 3371 in
1005 3322 1073 3371 litem

119 3394 229 3462 iar.(12,
244 3395 275 3460 9).
305 3392 410 3445 ‘Gaias'
423 3411 451 3458 p.
466 3406 513 3446 199.
563 3392 590 3462 ξ
605 3397 648 3445 52.
669 3394 707 3457 Cf.
722 3394 822 3443 Seneca
836 3394 867 3443 de
882 3393 963 3455 benef.
975 3404 995 3449 9,
1006 3404 1025 3442 a.
1041 3393 1072 3441 de

119 3468 189 3515 clem.
204 3479 225 3525 9,
240 3469 284 3516 adt.
304 3468 326 3527 ἓ.
341 3477 376 3517 99.
395 3464 417 3514 Ι.
433 3465 464 3513 de
478 3473 529 3514 aet.
541 3463 572 3529 (4,
582 3465 614 3531 o).
634 3466 698 3513 iitem
710 3479 777 3514 suam
792 3460 820 3531 1.]
835 3465 869 3527 cf.
882 3480 925 3527 pr.
942 3462 962 3511 I.
977 3464 1009 3511 de
1024 3462 1072 3511 obi.

119 3552 142 3600 q.
158 3538 233 3601 quasi
246 3552 281 3585 ex
294 3537 343 3585 dei.
359 3535 390 3601 (4,
405 3535 435 3600 5).
465 3535 495 3583 L.
512 3546 544 3586 19.
564 3538 586 3599 §-
602 3549 621 3586 1.
651 3536 682 3583 D.
703 3536 726 3585 d.
743 3536 823 3583 iadie.
844 3532 919 3599 (5,1).
949 3533 980 3581 L.
996 3546 1015 3585 9.
1040 3534 1072 3582 D.

119 3608 151 3656 de
164 3614 267 3658 caetrae.
281 3622 355 3672 coya.
370 3607 415 3670 (99,
429 3604 474 3670 19).
