2550 4000
365 223 423 259 uun
439 225 532 260 mnne.
550 207 597 261 lv.
618 214 766 264 111-114.
976 210 1043 276 383

84 351 144 414 111.
168 353 317 426 Aliquando
345 363 433 410 tamen
455 364 483 412 ct
507 363 642 429 perpetuo
663 373 715 413 eas
733 359 799 428 dat,
821 362 899 416 uelut
920 354 1040 432 quidus¹

84 439 209 494 imitatur
222 439 264 493 ius
278 437 446 512 legitimum:
470 439 562 512 quales
583 449 648 496 suut
663 457 719 512 eae,
736 436 820 516 quas²
840 445 1042 501 dardanorum

80 521 293 593 possessoribus
309 524 469 596 ceterisque,
487 525 532 595 qui
546 525 653 580 lneredis
668 525 729 581 loco
745 534 809 582 suut
824 543 892 583 educ
909 527 1040 600 efficiun-

84 599 164 661 tur³.
187 604 273 676 furlti
290 623 399 680 quoque
413 607 547 662 manifesti
562 609 645 682 actio,
666 613 789 684 quamuis
805 627 838 666 ex
859 613 942 684 ipsius
965 628 1040 686 prae-

86 691 155 745 toris
178 689 362 746 iurisdictione
384 689 587 764 proficiscatur,
608 701 741 766 perpetuo
767 693 862 763 datur;
884 703 912 752 et
932 697 1040 766 merito,

83 771 158 830 {cum
173 768 302 830 tontum⁴
316 792 367 848 pro
382 775 489 848 capitali
503 792 590 849 poena
604 778 759 850 pecuniaria
774 781 922 836 constituta
937 781 982 837 sit.

16 861 73 909 [³00]
148 855 208 916 112.
230 852 348 914 Contra⁵
366 874 421 914 non
442 875 536 916 omnes
560 863 694 932 actiones,
719 878 786 934 quae
808 864 835 917 in
856 863 971 936 aliquem
993 872 1040 920 aut

83 944 145 1016 ipso
161 943 220 998 iure
236 951 388 1014 conpetunt
407 951 456 998 aut
475 960 490 998 a
504 954 630 1017 praetore
651 946 758 1016 dantur,
777 948 857 1002 etiam
872 949 898 1003 iu
914 947 1041 1004 heredem

84 1043 177 1100 aeque
203 1035 352 1100 conpetunt
377 1034 425 1082 aut
442 1026 498 1083 dari
524 1027 628 1084 solent:
652 1038 693 1085 est
716 1032 786 1086 enim
806 1033 954 1086 certissima
972 1032 1040 1087 iuris

83 1110 193 1185 regula,
209 1127 241 1166 ex
255 1110 387 1168 maleficio
402 1106 530 1184 poenales
545 1114 664 1168 actiones
686 1115 712 1168 in
735 1114 861 1170 heredem
875 1131 925 1171 nec
940 1131 1039 1188 conpe-

83 1203 143 1252 tere
158 1210 208 1250 uec
222 1194 277 1249 dari
297 1194 399 1263 solere,
417 1195 493 1252 uelut
512 1197 588 1262 lorti,
604 1198 631 1251 ui
649 1195 781 1253 botrorum
801 1206 951 1270 raptorum,
967 1201 1038 1254 iniu-

82 1281 197 1349 riarum,
212 1278 299 1334 damni
313 1280 439 1334 iniuriae:
455 1278 502 1335 sed
523 1280 615 1335 heredi
637 1279 767 1353 defuncti
773 1273 786 1314 ⁶
800 1282 925 1339 uidelicet
940 1283 1040 1340 actoris

83 1363 240 1419 huiusmodi
255 1364 374 1419 actiones
390 1371 548 1436 competunt
569 1380 619 1419 uec
640 1364 818 1438 denegantur,
839 1374 949 1440 excepta
969 1368 1039 1422 inlu·

82 1449 187 1504 riarum
207 1448 313 1503 actione
334 1454 361 1503 et
381 1448 404 1502 si
426 1464 478 1519 qua
499 1447 548 1502 alia
568 1447 662 1504 similis
681 1450 835 1506 inueniatur
855 1452 934 1507 actlo.
979 1447 1038 1508 113.

82 1530 235 1604 Aliquando
248 1539 337 1586 tamen
350 1527 453 1603 (etiam)
466 1547 498 1586 en
509 1540 651 1588 contractu
663 1534 732 1590 actio
744 1550 832 1607 neque
843 1533 938 1590 heredi
950 1551 1040 1608 neque

81 1617 112 1672 in
126 1614 253 1671 heredem
263 1616 399 1688 conpetit:
415 1631 477 1671 uam
488 1615 691 1689 adstipulatoris
706 1617 784 1674 heres
796 1634 851 1674 non
866 1619 946 1675 habet
957 1621 1038 1675 actio·

81 1714 156 1767 uem,
172 1698 229 1755 'sed
245 1691 292 1755 et⁷
308 1700 449 1771 sponsoris
464 1707 491 1754 et
511 1697 736 1772 lidepromissoris
751 1700 831 1757 heres
846 1717 901 1758 non
918 1710 1037 1762 tenetur.
1142 1735 1148 1740 -

148 1779 208 1840 114.
230 1777 390 1858 Superest,⁸
407 1791 437 1838 ut
452 1783 632 1856 dispiciamus,
654 1785 678 1838 si
693 1791 755 1840 ante
770 1800 827 1840 rem
847 1785 988 1840 iudicatam
1004 1787 1038 1857 is,

159 1949 179 2018 ¹)
195 1951 239 2001 Ee
252 1967 307 2001 mea
317 1954 350 2015 qi.
365 1953 474 2001 restitui.
495 1951 580 2002 Malta
589 1953 644 2001 alia
654 1954 686 2016 ej.
697 1950 744 2017 Bp.
755 1951 795 2001 ed.
805 1961 826 2004 5.
874 1948 895 2019 ²)
908 1949 1037 2017 ‘praetor’

82 2023 161 2073 addit
174 2024 214 2071 ed.
228 2022 285 2087 Bp,
299 2024 369 2086 quod
381 2039 428 2073 uec
443 2025 469 2072 iu
483 2022 546 2072 Just.
561 2026 665 2088 lepitur.
718 2021 738 2089 θ)
753 2023 826 2073 Haec
840 2025 916 2073 lectio
930 2022 1040 2073 Sededis

86 2093 376 2156 Gaiscdserecouoenit.
392 2109 420 2142 eo
428 2095 548 2159 intellepc
556 2110 586 2143 eo
597 2096 662 2157 ipso,
673 2095 856 2158 quodpraetor
866 2095 912 2143 luas
924 2096 1040 2144 actiones
1060 2092 1063 2096 ’

83 2166 145 2220 dat,·
155 2166 265 2228 proprie
272 2166 338 2214 euim
347 2166 405 2228 puis
413 2166 522 2222 dixerit,
532 2180 549 2213 a
558 2172 683 2227 praetore
696 2171 800 2215 uocatos
812 2164 862 2214 nou
873 2172 970 2213 lautum
980 2164 1001 2214 b.
1009 2180 1038 2228 p.

82 2250 123 2285 em
132 2234 165 2298 (3,
174 2234 210 2300 se)
224 2236 271 2284 sed
283 2237 358 2283 etium
367 2237 483 2285 actiones
497 2249 531 2284 ecc
544 2250 575 2284 ea
585 2236 671 2286 dando
681 2234 803 2285 heredum
812 2238 869 2285 loco
879 2236 956 2297 effici.
983 2232 1039 2285 ‘ac-

82 2303 237 2355 commodat'
254 2304 316 2354 Iasi.
332 2312 434 2355 ceierae
447 2306 505 2355 edd.
556 2302 577 2370 4)
592 2303 660 2371 c(==
670 2305 733 2371 cnm)
745 2305 771 2355 G.
786 2307 843 2355 edd.
859 2306 928 2370 quod
938 2302 1038 2369 factum

78 2383 240 2439 palaemon,
250 2378 325 2440 quasi
334 2384 399 2425 esset
406 2384 444 2426 cil.
482 2374 503 2441 δ)
511 2375 556 2425 Eae
564 2374 664 2425 Beuum.
672 2375 764 2426 Seded.
775 2392 920 2440 quanquam
930 2376 966 2425 ibi
974 2376 1039 2426 iaec

83 2453 147 2497 uota
156 2449 183 2495 iu
194 2448 246 2509 fine
256 2448 438 2510 praecedentis
448 2446 520 2496 oerdi
529 2454 554 2496 et
563 2462 652 2497 uersus
660 2449 748 2510 posita
757 2449 797 2496 sit.
825 2447 1039 2511 Gaiaspersona·

82 2520 332 2568 rumsuccessiouem
339 2520 444 2581 opponit
452 2519 573 2581 temporis
580 2520 685 2568 rationi.
702 2518 752 2567 Nou
761 2525 839 2569 autem
847 2518 911 2567 Iust.
922 2518 972 2567 Nou
980 2518 1037 2567 edd.

84 2584 107 2651 ⁶)
129 2586 166 2636 Ob
184 2590 342 2653 incopuitam
363 2588 415 2637 sibi
435 2590 528 2653 aiplosu
544 2590 732 2651 [superposita
749 2604 775 2647 c,
795 2604 845 2652 qua
864 2590 891 2637 in
912 2588 955 2637 m.
979 2588 1038 2638 Vat.

82 2658 185 2722 syllaba
199 2659 253 2707 lunc
267 2660 414 2722 saepissime
428 2666 541 2718 uocatur,
556 2659 682 2707 librarius
692 2666 753 2721 post
766 2659 815 2707 h'di
827 2656 871 2722 (=
881 2658 975 2723 heredi)
985 2658 1039 2707 dem

78 2744 133 2792 pro
143 2729 201 2777 detti
211 2728 250 2778 dis
262 2731 400 2792 scripsisse
411 2730 521 2786 uidetur,
535 2736 681 2792 tantumque
690 2728 807 2777 dubitari
813 2736 906 2792 polest,
916 2744 950 2777 uu
961 2728 1038 2777 uerba

83 2800 130 2848 dcl.
141 2799 189 2848 rid.
200 2806 245 2849 act
256 2798 341 2849 Iussit.
356 2801 486 2864 ipuoruia,
501 2814 565 2863 quae
579 2806 663 2848 tameu
677 2798 804 2847 heredibus
815 2814 867 2862 pro
877 2798 960 2847 heredi
974 2800 1039 2846 mole

78 2868 215 2933 praebent,
226 2885 277 2934 pro
289 2873 440 2935 plossemate
449 2870 567 2919 habenda
580 2871 640 2918 sint.
688 2866 709 2935 τ)
726 2869 817 2919 Potius
827 2876 864 2918 set
874 2884 955 2933 quam,
970 2868 1040 2932 quod

82 2947 161 2990 antea
175 2942 409 3004 suspicatuseram
419 2947 480 2990 nola
489 2956 512 2989 o.
523 2946 605 2989 contra
615 2941 643 2988 in
655 2938 680 2989 0.
693 2940 777 3003 fuisse
791 2941 901 2990 uidetur.
922 2936 968 2989 ‘et'
980 2939 1038 2989 edd.

84 3006 105 3075 8)
119 3013 229 3070 seilicet,
244 3020 271 3061 ut
285 3014 367 3062 locum
381 3012 413 3060 de
426 3010 571 3061 actionibus
584 3010 752 3061 absolvamus,

158 3146 164 3157 ι

155 3199 179 3271 ξ.
196 3206 256 3254 112.
271 3226 305 3247 =
319 3206 342 3267 ᾖ.
358 3216 378 3255 1.
397 3204 419 3254 I.
439 3204 471 3253 id.
492 3220 548 3254 cum
570 3202 679 3266 Ilieopi.
706 3202 744 3267 Cf.
759 3202 791 3251 L.
807 3214 853 3253 111.
877 3204 899 3265 ἕ.
920 3214 939 3253 1.
960 3201 991 3251 D.
1007 3202 1039 3251 de

82 3290 137 3339 rep.
153 3276 205 3322 iar.
220 3273 265 3339 (so,
281 3274 325 3340 rt).
375 3270 401 3343 ξ.
418 3278 476 3325 113.
498 3274 536 3337 Cf.
551 3276 575 3336 ᾖ.
591 3286 611 3325 1.
627 3273 648 3322 I.
664 3274 707 3324 eit.
722 3289 803 3337 supro
818 3286 838 3332 3,
853 3284 899 3324 114.
916 3282 962 3323 120.

154 3340 181 3412 ξ.
197 3347 256 3395 114.
282 3345 320 3409 Of.
340 3347 363 3406 5.
383 3358 403 3395 2.
423 3344 492 3394 Lib.
511 3357 626 3407 saproc,
642 3356 688 3395 180.
708 3346 731 3407 §-
748 3356 782 3395 31.
802 3343 870 3392 I.de
884 3349 933 3391 aet.
949 3340 985 3408 (4,
1005 3340 1037 3407 6).

82 3414 114 3463 L.
127 3427 153 3466 ‘13
165 3416 210 3477 flu.
226 3416 257 3463 Ι).
273 3416 305 3464 de
315 3431 424 3478 procur.
439 3414 471 3480 (3,
485 3413 516 3481 3).
536 3415 568 3463 L.
583 3424 616 3465 13.
632 3414 663 3463 D.
680 3415 711 3464 de
725 3416 784 3465 dolo
799 3412 830 3478 (4,
845 3412 875 3477 3).
890 3412 922 3461 L.
933 3424 966 3464 33.
982 3412 1006 3475 ὃ.
1017 3424 1038 3463 1.

82 3486 114 3533 Ι).
130 3486 163 3535 de
176 3487 251 3535 solut.
267 3485 312 3550 (aa,
326 3485 357 3550 3).
373 3486 404 3534 Ι..
418 3498 439 3537 c.
455 3486 487 3534 D.
503 3486 582 3534 indie.
597 3487 663 3535 solui
676 3484 719 3547 (aa,
736 3483 766 3550 r).
782 3510 814 3521 -
830 3483 861 3533 L.
876 3494 910 3534 aa.
926 3484 948 3545 §-
964 3494 984 3535 τ.
1004 3482 1037 3533 Ι).

81 3557 114 3606 de
129 3571 200 3605 usur.
216 3554 261 3622 (33,
276 3556 306 3621 1).
323 3557 354 3605 L.
367 3568 395 3608 so
404 3572 448 3620 pr.
469 3556 501 3605 D.
516 3556 548 3605 de
562 3556 636 3605 cond.
652 3556 735 3604 iuded.
751 3554 795 3620 (11,
810 3554 841 3620 3).
