2550 4000
556 229 647 265 euve·
1019 213 1080 276 149

122 361 254 416 stituerat
275 361 349 430 (Ulp.
369 367 415 428 22,
434 367 475 418 34.
498 361 560 419 coll.
580 378 642 415 oum
660 368 688 424 2,
709 362 792 427 177),
814 361 844 414 in
864 359 928 415 Gaii
949 360 1080 415 notitiam

121 431 297 508 pervenerat,
310 429 564 508 oumlfinemnprim'i
576 433 605 482 et
617 446 678 483 cum
688 429 840 506 seeundum
849 429 1080 506 commentarium

122 497 276 574 scriberet.1
295 498 386 577 atqui
397 499 457 550 tum
468 512 525 549 ram
537 496 624 550 libros
636 513 671 550 ex
681 495 712 561 Q.
723 495 956 574 Moeso-edidepat
964 498 1001 576 (1,ο
1011 501 1079 563 188.)

34 661 37 668 ,
121 563 1080 752 8788788εε8ἓ787738787787778878
1169 655 1177 666 .

121 698 739 844 atila.talasius.u.z⁰tz,3tsa
757 698 1080 843 satiasset

122 830 228 951 ρὲῃηαω
242 849 332 911 quam·
343 833 379 886 ad
396 835 450 886 forr
461 849 542 887 usum
556 835 700 912 pertinens
713 836 854 910 convenit,
872 832 1080 912 eorundemque

122 900 1080 1047 lisaeiila.f0.t⁰cuuastutissimam:

121 1036 237 1100 noster’,
270 1050 334 1088 uem
345 984 426 1088 rnqbrs
438 1035 516 1088 libris
527 1035 625 1089 laudat
634 1035 665 1092 L.
671 1041 711 1090 78.
724 1040 745 1099 8.
755 1044 776 1091 1.
796 1033 831 1090 D.
845 1035 880 1088 de
890 1035 945 1104 leg.
957 1045 978 1089 1.
995 1036 1080 1089 fuant

122 1101 155 1159 D.
166 1100 240 1154 Pius.
281 1103 409 1156 raeterea
417 1103 481 1170 post
490 1103 599 1156 obitum
604 1099 787 1156 AntoniniPii
796 1102 913 1172 scriptos
924 1118 983 1156 esse
994 1102 1080 1156 libros

123 1169 192 1221 duos
206 1169 491 1235 fideicommissorum,
505 1171 614 1223 constat
625 1187 660 1224 ex
669 1169 748 1224 aco.
758 1169 790 1223 D.
802 1169 837 1223 de
849 1168 952 1235 condit.
963 1172 993 1224 et
1006 1170 1079 1224 dem.

123 1239 175 1312 (35,
188 1237 213 1303 1)
229 1236 258 1289 L.
275 1243 314 1290 86.
328 1236 362 1289 D.
378 1236 414 1314 de
428 1237 516 1314 leget.
528 1237 558 1290 L.
568 1243 609 1291 63.
625 1242 651 1301 5.
663 1244 688 1291 8.
712 1236 743 1292 D.
752 1235 793 1313 ,ad
807 1235 857 1291 SC.
875 1237 958 1291 Treb.
973 1242 1025 1304 (38,
1040 1240 1079 1304 1):

120 1303 198 1356 sdem
215 1304 251 1357 de
269 1304 347 1358 libris
366 1303 524 1372 quindecim
542 1304 578 1358 ad
595 1304 689 1374 legem
706 1303 806 1357 Inham
824 1306 854 1357 et
870 1304 910 1357 Pa
930 1305 986 1358 iam
1004 1305 1079 1358 certe

143 1371 340 1424 osterioribus²
372 1372 432 1426 atet
444 1386 478 1424 ex
493 1371 521 1425 1..
537 1377 578 1430 56.
591 1371 624 1425 D.
641 1370 711 1425 dele
733 1414 738 1425 .
751 1376 775 1423 2.
799 1372 830 1425 et
844 1370 914 1424 deh
935 1373 973 1425 ris
986 1371 1080 1440 singu·

121 1387 227 1492 iidem
244 1438 279 1492 ad
297 1437 345 1492 SC.
383 1439 563 1494 ertullianum
587 1438 669 1493 etad
686 1437 704 1492 S
720 1443 735 1490 ¹.
765 1437 961 1507 Orphitianum
983 1455 1007 1493 a.
1031 1444 1080 1493 178

121 1505 227 1582 factum
245 1522 279 1560 ex
292 1505 321 1564 L.
334 1512 350 1560 8
363 1508 392 1559 et
398 1513 428 1584 Ι8.
452 1505 485 1559 D.
500 1507 536 1583 ad
550 1505 599 1564 SC.
623 1505 740 1584 Tertull.
756 1511 877 1571 (38,17).
905 1506 1006 1583 Cetera
1020 1505 1080 1560 eius

121 1574 227 1640 scripta
237 1574 349 1693 guando
360 1573 558 1653 editafuersnt,
570 1573 840 1652 autdrspntcturaut
847 1573 931 1650 plane
941 1575 1080 1652 moestum

122 1639 256 1788 atla.
273 1641 565 1787 leuissima
580 1640 1081 1786 situatallsastta

122 1789 197 1842 ipsos
234 1776 278 1828 ost
291 1775 484 1829 Institutmnes
502 1776 669 1843 composstos
687 1790 756 1843 esse,
774 1779 843 1830 rtem
860 1776 1007 1830 satistuto
1025 1777 1080 1828 sta

121 1843 201 1895 tuere
213 1792 291 1908 iicet
304 1857 361 1920 non
372 1843 561 1920 tantum'quia
569 1842 673 1920 maiore
685 1841 720 1894 iis
729 1842 956 1920 componendisp
977 1859 1010 1895 us
1019 1844 1082 1896 erat

122 1925 173 1962 usu
196 1915 226 1962 et
248 1911 422 1976 experientia
443 1910 497 1963 forr
520 1911 562 1977 (nt
582 1926 638 1963 non
659 1911 755 1978 mepte
776 1910 884 1963 iud1cat
906 1908 965 1963 Stre
986 1925 1018 1963 er
1042 1908 1080 1963 ad

121 1975 252 2030 Wenokii
262 1976 513 2095 opuserXlXJ,
526 1976 575 2031 sed
587 1977 674 2031 etiam
683 1977 771 2045 (quod
783 1993 829 2032 me
840 1975 961 2031 mamme
973 1979 1079 2040 movet)

122 2044 190 2111 quia
201 2043 273 2096 libro
302 2086 307 2097 .
321 2043 350 2095 L.
364 2051 404 2101 30.
417 2045 441 2104 §-
453 2052 478 2099 8.
491 2044 524 2097 θ’,
542 2044 576 2097 de
590 2045 681 2113 pactis
694 2048 729 2109 (2,
744 2048 784 2107 14)
797 2045 966 2098 sententiam
978 2044 1079 2110 reiicit,

122 2126 207 2178 quam
226 2110 292 2163 Inst.
307 2118 331 2177 3,
348 2116 402 2165 178.
421 2112 590 2175 tentaverat,
609 2113 639 2164 et
654 2110 728 2164 libro
744 2111 791 2169 VI.
803 2111 832 2168 L.
845 2118 869 2169 3.
886 2111 919 2164 D.
932 2112 968 2165 de
982 2111 1078 2165 hored.

121 2180 180 2245 pet.
205 2179 245 2245 (5,
269 2179 294 2246 3)
317 2177 490 2231 mentionem
513 2177 599 2231 habet
620 2177 756 2231 heredum
777 2194 812 2231 ex
833 2178 1080 2231 senatusconsultis

121 2244 307 2310 (Tertulliano
325 2248 354 2297 et
372 2243 563 2313 Orphitiano):
585 2259 639 2297 nec
656 2244 739 2299 facile
757 2245 824 2303 Inst.
843 2252 870 2305 1,
890 2251 946 2300 188.
973 2245 1079 2315 simpli-

122 2311 193 2367 citer
204 2311 289 2365 edicti
306 2311 569 2379 interpretationem
581 2312 731 2375 laudasset,
751 2313 775 2366 si
785 2314 846 2366 tum
858 2312 916 2365 iam
927 2313 1079 2380 utrumque

122 2378 246 2432 edictum
262 2379 463 2447 interpretatus
481 2381 567 2433 esset:
585 2379 769 2447 quamobrem
787 2380 873 2434 etiam
885 2378 915 2437 It.
927 2386 969 2435 tc.
986 2379 1021 2435 D.
1044 2380 1079 2434 de

93 2477 98 2483 ,
121 2445 185 2500 don.
207 2446 259 2499 int.
282 2447 333 2499 vir.
356 2448 411 2515 (24,
437 2448 462 2515 1)
486 2462 520 2500 ex
542 2446 590 2501 lib.
614 2446 661 2499 Xl.
690 2449 923 2501 commemoratus
948 2447 1080 2518 princeps

49 2568 52 2575 ,
122 2514 279 2567 Antoninus
296 2529 347 2582 pro
365 2514 460 2567 Marco
477 2513 623 2568 habendus
642 2513 704 2571 erit.
737 2513 864 2583 Denique
883 2516 969 2569 etiam
986 2531 1079 2569 rerum

121 2580 349 2649 quotidianarum
367 2581 445 2661 libri,
467 2581 491 2634 si
508 2582 598 2634 totam
616 2596 713 2635 eorum
731 2582 869 2635 rationem
886 2582 1079 2651 perpenderis,

120 2664 177 2701 non
194 2648 311 2716 possunt
327 2647 445 2701 iudicari
462 2663 518 2701 non
539 2648 604 2715 post
625 2646 820 2703 Institutiones
841 2649 990 2728 compositi
1010 2665 1079 2708 esse.

120 2713 199 2769 Haeo
216 2715 311 2767 omnia
326 2730 393 2767 vero
411 2714 532 2779 faciunt,
554 2717 587 2768 nt
603 2714 772 2769 Mommseni
792 2718 950 2770 sententiae
969 2716 1077 2781 (Jahrb.

121 2780 147 2839 d,
160 2798 233 2851 gem.
246 2782 399 2835 deutschen
412 2782 443 2835 R.
458 2782 505 2836 Ill.
521 2788 542 2840 1.
560 2799 587 2851 p.
603 2783 662 2848 ta),
674 2783 809 2851 pleraque
823 2782 925 2836 Gaium
937 2784 1079 2836 Antonino

119 2848 171 2903 Pio
189 2850 345 2918 imperante
359 2850 394 2918 (a.
408 2848 560 2916 188-161.)
573 2849 715 2917 scripsisse
727 2850 891 2903 arbitrantis
907 2849 983 2902 haud
995 2849 1078 2904 facile

122 2915 267 2982 accedam,
291 2916 339 2969 sed
362 2918 494 2984 vegetam
515 2917 640 2969 aetatem
662 2917 690 2968 in
708 2916 742 2969 D.
762 2916 849 2970 Marci
868 2917 996 2985 tempora
1014 2933 1079 2971 eum

68 3000 112 3053 [54]
120 2982 295 3037 transtulisse
313 2982 409 3036 malim
428 2983 545 3052 opinari.
582 2982 699 3047 Quando
715 2998 784 3037 vero
802 2982 914 3049 obierit,
932 2984 1079 3039 nescimus.

195 3128 214 3197 1)
228 3132 305 3181 Etiam
317 3138 426 3196 quartum
436 3148 520 3182 comm.
532 3134 630 3196 propius
642 3133 715 3182 initiis
725 3134 752 3182 D.
764 3133 837 3182 tlarci
847 3133 1003 3196 compositum
1015 3147 1078 3196 esse,

120 3202 176 3251 inde
187 3209 292 3265 apparet,
302 3204 392 3266 quode.
401 3215 521 3256 tas—tat.
542 3204 649 3265 abrogati
662 3205 691 3253 ab
701 3219 729 3253 eo
740 3205 882 3266 imperatore
890 3204 1078 3253 vadimoniorum

120 3273 226 3322 solennis
240 3270 330 3337 (Victor
344 3273 373 3322 ds
388 3272 455 3323 Caes.
469 3276 515 3337 16.)
528 3274 591 3323 nulla
601 3276 690 3324 mentio
700 3275 808 3326 habetur.
863 3269 885 3339 ¹)
900 3274 1000 3332 Quidam
1014 3274 1077 3322 enim

119 3343 150 3393 ad
160 3344 204 3391 hos
212 3343 286 3392 libros
294 3344 399 3393 referunt
406 3345 517 3408 proprios
525 3346 718 3407 commentarios,
727 3359 827 3410 qnorum
835 3344 886 3393 Gai.
891 3356 913 3402 8,
918 3354 952 3395 84.
962 3344 1077 3393 meminit.

119 3414 167 3463 Sed
182 3428 235 3463 oum
250 3414 286 3463 les
298 3414 369 3478 Papia
380 3416 451 3465 multa
461 3416 507 3464 elia
517 3422 620 3474 caveret,
634 3416 711 3465 virdo
725 3416 763 3465 liis
778 3423 857 3479 potest
865 3415 980 3463 sensisse.
998 3414 1077 3464 tlalim

118 3485 191 3547 igitur
204 3484 340 3547 intellegere
355 3487 538 3535 commentarios
552 3486 581 3535 de
596 3487 712 3535 honorum
732 3486 934 3549 possessionibus,
952 3499 1012 3547 quos
1030 3485 1077 3533 iam

118 3555 255 3605 laudaverat
268 3567 289 3618 8,
303 3568 338 3607 88.
362 3570 509 3620 quommqus
522 3571 578 3619 pars
593 3557 624 3605 sd
637 3557 700 3605 hona
713 3556 853 3606 libertorum
867 3555 997 3619 spectabat.
