2550 4000
233 207 296 272 212
527 223 590 259 otri
608 223 708 258 ruens.
727 204 747 261 Ι.
768 208 911 259 tei-161.

234 365 319 441 pubes
337 365 448 422 fratrem
469 365 599 438 puberem
621 372 670 421 aut
691 319 819 439 patruum
839 364 921 422 habet
943 372 1084 431 tutorem;
1108 363 1210 420 femina

235 467 301 507 uero
325 449 405 506 talem
428 449 526 506 habere
549 457 669 506 tutorem
684 466 739 506 noo
762 458 865 524 potest.
902 446 968 507 tue.
985 448 1036 504 Set
1050 451 1210 522 agnationis

235 535 344 609 quidem
359 536 401 590 ius
420 535 514 608 capitis
530 533 708 590 diminutione
729 535 872 608 perimitur
886 533 1062 612 cognationis
1078 549 1153 609 uero
1167 535 1208 588 ius

235 636 269 676 eo
281 619 361 675 modo
373 635 429 675 non
440 626 637 682 commutatum
654 621 717 691 quia
735 619 823 675 ciuilis
837 620 908 676 ratio
919 618 1008 674 ciuilia
1020 617 1139 691 quidem
1152 620 1208 672 iura

234 719 409 777 corrumpere
427 710 528 776 potest,
548 703 679 760 naturalia
693 719 760 760 uero
772 720 828 760 non
845 712 947 777 potest.
974 698 1041 759 tie.
1053 703 1107 758 Est
1118 711 1207 758 auten

236 790 333 862 capitis
341 787 484 843 diminutio
492 788 591 860 prioris
604 781 721 845 'stutus¹
733 789 913 863 permutatio:
926 785 1113 861 eaquetribus
1122 787 1207 842 modis

236 873 345 928 accidit:
359 888 420 928 nam
433 880 479 927 aut
492 873 603 928 maxima
615 881 659 927 est
672 873 770 947 capitis
782 873 935 942 diminutio,
953 879 1000 927 aut
1011 872 1116 942 minor,
1130 888 1206 944 quan

236 956 345 1030 quidam
358 955 469 1011 medium
480 963 589 1030 uocant,
602 965 648 1012 eut
659 959 776 1014 minima.
799 952 867 1014 160.
878 955 989 1013 lletima
1001 963 1045 1011 est
1056 957 1160 1029 capitis
1172 956 1206 1012 di·

236 1041 361 1111 minutio,
379 1057 440 1096 oum
459 1039 555 1112 aliquis
572 1039 653 1097 simul
671 1050 700 1099 et
715 1042 856 1098 ciuitatem
872 1052 901 1098 et
917 1039 1072 1097 libertatem
1088 1041 1206 1099 amittit:

213 1174 220 1188 ‚
238 1124 318 1198 ’quae
334 1123 429 1181 accidit
443 1126 572 1197 incensis,
594 1128 641 1200 qui
656 1144 689 1182 ex
704 1127 790 1183 lorma
805 1121 933 1202 censualli
950 1127 1046 1182 uenire
1060 1126 1205 1181 iubentur:
1216 1134 1236 1184 li

186 1234 190 1244 ·
216 1233 222 1244 ·
237 1209 310 1286 quod
322 1211 364 1266 ius
378 1211 483 1283 pridem
495 1212 683 1288 desuetudine
694 1211 837 1276 olollitum
849 1219 903 1268 est.
919 1212 1040 1268 eundem
1047 1213 1208 1280 potiuntur

236 1297 364 1352 dediticii
369 1311 399 1350 er
408 1293 566 1369 legeAelilo
574 1297 685 1366 Sentio,
698 1294 1040 1369 quicontraeamlegemin
1048 1293 1206 1368 urbeliome

238 1379 403 1436 domicilium
416 1379 573 1454 habuerint3
587 1383 653 1437 item
667 1381 792 1451 lemlnae,
804 1395 872 1454 quae
884 1396 917 1436 ex
926 1372 1205 1435 senatusconsulto²t

237 1463 382 1519 Claudiano
394 1463 507 1520 ancillae
518 1463 587 1521 liunt
598 1480 693 1520 eorum
705 1465 890 1535 dominorum,
902 1461 1000 1536 quihus
1012 1464 1110 1519 inuitis
1122 1473 1151 1519 et
1164 1463 1205 1518 de·

237 1546 424 1602 nuntiantibus
445 1546 542 1604 ’nihilo
564 1542 669 1605 minus³
684 1565 744 1606 oum
764 1550 853 1605 seruis
871 1564 966 1605 eorum
985 1549 1115 1604 coierint.
1147 1542 1205 1605 161.

238 1631 326 1687 Minor
340 1633 400 1688 siue
416 1632 502 1688 media
517 1642 560 1690 est
576 1635 673 1708 capitis
688 1634 850 1705 diminutio,
872 1649 933 1690 cum
948 1634 1046 1689 ciuitas
1061 1634 1205 1700 amittitur,

238 1715 348 1773 libertus
364 1718 508 1780 retinetur:
526 1718 599 1792 quod
619 1718 716 1774 eccidit
727 1719 821 1789 ei,'cui
834 1734 904 1792 aqua
922 1725 950 1775 et
961 1718 1019 1792 igni
1030 1717 1205 1773 interdictum

313 1847 333 1915 ¹)
347 1851 433 1914 cepitis
454 1852 480 1902 0.
505 1851 622 1902 dubitari
631 1859 725 1916 potest,
740 1870 800 1902 num
810 1869 861 1916 per
875 1867 1005 1908 morem·
1021 1852 1070 1900 sed
1082 1852 1120 1914 cf.
1136 1852 1205 1914 insro

239 1923 288 1971 loc.
299 1922 399 1984 parali.
453 1918 473 1986 ¹)
487 1921 562 1972 Haec
577 1924 733 1986 omniafere
747 1923 873 1973 debentur
889 1918 942 1981 W,
957 1924 1011 1972 nisi
1024 1922 1094 1987 quod
1108 1921 1205 1972 oblitte-

239 1999 357 2043 raturum
370 1991 531 2059 probabilem
548 2010 650 2045 sensum
667 1998 850 2059 supplementis
872 1996 1027 2061 significavi.
1066 2010 1116 2044 nec
1134 1993 1205 2043 dudi·

239 2066 306 2124 tuvi,
330 2066 439 2115 alterum
462 2068 604 2131 exemplum
622 2068 742 2116 similiter
761 2082 793 2117 oc
816 2068 920 2116 tertium
943 2067 979 2116 ud
1000 2068 1043 2115 ius
1061 2067 1205 2115 lectorium

237 2136 418 2200 superioribus
432 2139 483 2187 iam
498 2131 627 2203 cognitum
642 2138 750 2202 ideoque
763 2140 848 2187 minus
857 2144 982 2188 accurate
995 2137 1039 2186 llic
1048 2138 1205 2200 descriptum

237 2214 365 2271 spectare,
375 2216 442 2271 putu
456 2209 493 2258 ud
506 2210 645 2259 dediticios
654 2225 689 2258 eac
703 2210 758 2273 lege
767 2208 845 2259 Aelio
855 2208 946 2258 Sentio
960 2207 1205 2273 sententiosum),

239 2293 303 2342 quos
321 2294 472 2343 quamquam
490 2281 560 2329 ciues
578 2282 675 2330 nullius
694 2282 808 2329 ciuitatis
825 2282 879 2329 sint
893 2279 963 2343 (Uip.
982 2291 1022 2340 20,
1042 2276 1094 2344 15),
1109 2294 1205 2327 nerum·

239 2356 322 2398 tamen
337 2350 392 2398 iuri
410 2351 483 2398 civili
500 2349 572 2399 Rom.
586 2349 696 2400 subiecti
710 2350 742 2414 (s,
758 2348 802 2413 rt),
821 2351 959 2400 maximum
977 2352 1073 2413 cupitis
1091 2350 1205 2404 deminu-

240 2420 333 2467 tionem
343 2421 403 2482 pati
414 2422 511 2484 ¹nepori
524 2436 575 2469 non
585 2428 679 2483 potest.
708 2422 774 2471 Num
788 2423 820 2471 de
834 2423 890 2487 lepe
900 2420 978 2470 Iunia
992 2423 1032 2471 uel
1042 2421 1131 2484 Papia
1143 2420 1204 2483 (Cic.

240 2489 272 2537 de
287 2490 331 2551 off.
346 2500 368 2551 tt,
381 2486 419 2554 ti)
434 2492 473 2539 uel
492 2492 525 2540 de
543 2493 660 2540 aerariis
673 2495 713 2541 nel
730 2494 763 2542 de
777 2492 830 2552 leis,
850 2494 895 2557 qui
913 2493 940 2541 in
957 2492 1088 2541 Caeritum
1106 2490 1205 2540 tubulos

240 2558 430 2621 referebantur,
450 2563 565 2625 cogitari
578 2577 629 2612 non
644 2579 735 2627 posse,
755 2579 806 2614 non
825 2571 864 2614 est
881 2564 950 2628 qnod
966 2564 1134 2626 disputemus.
1165 2562 1204 2611 Ce-

241 2638 323 2679 ternm
341 2639 463 2694 apparet,
485 2631 576 2681 Guium
591 2642 701 2695 praeter
722 2637 764 2684 ius
786 2636 920 2698 antiquum
941 2635 992 2683 ium
1010 2632 1148 2691 abolitum,
1166 2634 1205 2682 cui

241 2718 319 2751 unum
332 2704 475 2767 exemplum
489 2704 636 2767 sufficiebat
650 2704 696 2772 (cf.
708 2718 728 2770 1,
740 2706 797 2770 titt).
812 2721 847 2755 ex
856 2721 886 2756 eo
901 2706 967 2762 iure,
982 2704 1052 2769 pund
1064 2706 1094 2753 in
1104 2720 1154 2753 usu
1163 2710 1204 2760 esi,

241 2773 292 2824 duo
306 2770 425 2839 exemplu
438 2775 541 2838 referre
556 2778 679 2839 noluisse,
694 2793 779 2835 unum,
794 2792 853 2840 quo,
872 2783 900 2825 ut
914 2783 999 2833 antee,
1014 2774 1127 2839 publici,
1146 2777 1204 2824 olte-

241 2860 306 2907 rum,
321 2862 371 2909 quo
386 2860 450 2895 novo
465 2848 523 2895 inre
533 2848 636 2911 priuati
649 2848 775 2897 commodi
786 2863 866 2897 causa
876 2848 989 2896 maximo
999 2862 1057 2909 cap.
1068 2847 1204 2895 deminutio

241 2915 383 2965 accidebat.
407 2917 446 2965 De
457 2918 512 2982 lege
522 2917 599 2967 Aelia
608 2917 699 2967 Sentiu
707 2919 731 2968 lt.
743 2921 760 2967 l.
771 2921 816 2983 agl
825 2925 896 2967 recte
904 2919 981 2967 etium
989 2916 1105 2966 Momms.
1116 2925 1204 2967 contro

242 2986 327 3051 Kriip.
342 2989 449 3045 censuit,
464 3004 609 3053 quanquam
624 2991 651 3038 in
665 2990 836 3039 resarcienda
850 2990 970 3038 oratione
988 3002 1036 3037 nec
1055 2995 1150 3037 ennius
1162 3003 1205 3036 nec

239 3056 317 3118 felix.
339 3056 377 3119 Cf.
393 3058 428 3106 ud
447 3070 466 3121 1,
481 3069 507 3109 et
522 3066 618 3109 notata.
676 3056 697 3126 ¹)
713 3061 817 3109 dominis
834 3060 860 3109 θ.
880 3067 908 3109 nt
919 3062 1046 3125 glossema
1061 3060 1157 3109 omittit
1168 3060 1204 3107 ed.

242 3125 315 3175 Stud.
335 3128 381 3176 sed
393 3129 461 3192 sigla
473 3130 568 3191 fraudi
578 3131 640 3193 fuit.

314 3228 339 3301 ξ.
356 3234 415 3283 158.
431 3256 464 3277 =
479 3237 503 3297 ξ.
518 3247 538 3287 t.
558 3234 692 3304 Ldelep.
708 3235 868 3303 apn.tut.(1,
883 3235 927 3302 15).
949 3236 987 3299 Cf.
999 3237 1075 3299 infru
1088 3248 1110 3298 s,
1124 3246 1159 3288 tt.
1173 3248 1205 3287 51.
1257 3279 1258 3288 ,

247 3302 437 3367 Ulp.-11,e.-
451 3306 484 3355 L.
499 3318 519 3357 8.
544 3306 577 3357 D.
592 3307 624 3356 de
639 3325 696 3373 cup.
712 3310 771 3357 min.
786 3309 819 3374 (t,
833 3309 865 3373 5).
889 3308 922 3356 L.
937 3319 958 3358 8.
982 3308 1014 3356 D.
1030 3307 1063 3357 de
1081 3322 1138 3372 rep.
1158 3310 1205 3356 iuri

243 3373 288 3441 (50,
304 3375 348 3442 ιτ).
420 3373 445 3445 ᾗ.
464 3379 521 3427 169.
538 3399 571 3419 a
581 3393 625 3441 pr.
641 3380 663 3428 Ι.
678 3381 710 3429 de
730 3395 787 3444 cap.
802 3380 892 3428 dimin.
907 3377 939 3445 (1,
954 3378 998 3441 tt).
1029 3378 1068 3441 Cf.
1083 3378 1117 3427 t.
1131 3390 1152 3429 t.
1176 3380 1205 3426 D.

243 3447 299 3496 eod.
319 3446 355 3513 (t,
375 3447 406 3512 5).
430 3445 519 3498 Boetll.
534 3449 571 3497 ud
586 3449 638 3499 Cic.
663 3449 723 3514 Top.
742 3463 769 3512 4,
789 3462 822 3501 ttt.
837 3466 865 3513 p.
881 3461 928 3501 eut.
951 3447 1020 3499 Bait.
1040 3448 1096 3512 utp.
1117 3461 1205 3510 11,16.

244 3513 270 3583 §-
287 3520 345 3569 160.
363 3518 401 3581 Cf.
417 3521 440 3580 §-
456 3531 476 3571 1.
496 3518 519 3567 I.
534 3520 590 3569 eod.
610 3520 666 3585 Utp.
682 3533 716 3583 11,
732 3534 764 3572 tt.
783 3536 866 3583 supra
882 3522 1074 3582 §§.er.et.st.=
1107 3516 1133 3587 ᾖ.
1150 3523 1206 3571 tot.

244 3589 901 3655 =§.e.I.eod.CfiUlp.11‚1e.supro§.1ee.
