2550 4000
406 224 464 260 can
481 224 573 262 rusam.
592 206 639 260 IV.
659 206 788 262 bib—55.
1010 207 1075 273 365

119 357 186 412 sine
202 358 471 423 commemoratiolue
487 356 545 411 eius
560 354 613 410 loci
627 363 752 428 petatur,
773 355 849 412 uelut
871 356 893 412 si
909 374 927 412 a
943 363 970 412 te
985 360 1074 427 stipu-

117 441 283 495 latussim:
302 454 326 496 ι
341 454 433 496 mmm
456 453 654 497 snsrnurrvn
670 455 783 499 srnssr
796 443 801 506 t
815 456 900 498 nasu
917 440 1075 497 aeounnat

118 525 224 579 deinde
251 537 322 579 uero
342 522 442 578 Romae
462 537 535 595 pure
555 524 609 579 troc
629 525 711 580 mocio
737 523 906 588 intentdom:
933 539 962 583 st
974 539 1075 582 panus

124 623 164 665 nn
179 621 432 676 smrnnruomrn
442 622 469 664 x
481 621 573 664 mm
586 623 632 664 ns
647 603 833 666 srrrrsnrv¹
855 612 860 674 Ι
888 624 974 665 nanu
1004 622 1075 664 aum

119 703 302 758 oscannum
323 692 387 763 plus
402 692 472 747 enim
489 698 592 763 petere
605 692 669 748 ideo
683 694 844 766 inteltepor,
860 696 929 764 quia
946 695 951 758 t
968 691 1073 748 utilita-

120 782 178 832 tem
193 777 359 847 promissori
374 776 476 844 adimo,
499 791 602 848 quom,
625 777 652 831 si
672 775 783 846 Ephesi
800 777 903 846 dotret,
924 773 1076 833 habiturus

119 866 206 916 esset.
235 856 338 932 llplsesi
351 865 444 914 tomen
458 861 542 914 etiam
556 874 632 930 pure
643 865 747 930 potero
766 857 771 934 Ι
789 869 894 933 petere,
912 858 940 915 id
962 867 1006 916 est
1019 875 1074 914 non
1085 865 1144 916 207.

119 942 228 998 adiecto
242 941 313 998 loco.
349 936 414 999 63¹&
433 941 517 998 Causa
532 943 594 1016 plus
609 944 721 1016 petitur,
737 943 815 1000 uelut
830 945 853 999 si
869 944 929 1019 quis
945 943 971 998 in
987 944 1075 998 inten-

121 1031 197 1082 tione
212 1023 291 1082 tollat
306 1026 465 1083 electionem
480 1025 621 1097 debitoris,
637 1027 727 1099 ’quam
742 1020 786 1083 is²
808 1027 888 1083 inaltet
903 1025 1074 1098 obllgatlouis

120 1111 193 1180 iure,
208 1108 285 1165 uelut
305 1110 408 1183 siquis
429 1111 467 1165 ita
486 1109 632 1183 stipulatus
653 1111 703 1166 sit:
727 1125 923 1168 snsnnnrrvu
944 1129 965 1167 x
985 1124 1075 1167 mora

120 1211 185 1253 avc
199 1208 345 1250 noussen
359 1207 497 1252 sr1cnvu
515 1208 600 1250 naun
622 1194 781 1251 secunus?
803 1194 900 1250 deindo
914 1194 1075 1250 alterutrum

120 1270 243 1335 'snium³
258 1293 292 1332 ex
307 1277 348 1332 his
368 1285 458 1350 petat3
480 1292 540 1333 nam
562 1278 685 1350 quamuis
707 1285 797 1351 petat,
819 1277 893 1351 quod
913 1279 1002 1333 minus
1022 1284 1075 1349 est,

120 1361 185 1436 plus
201 1369 290 1416 tamen
305 1369 399 1434 petere
414 1360 533 1431 uidetur,
554 1362 616 1435 quia
637 1369 731 1434 potest
750 1361 921 1418 aduersarius
938 1360 1074 1418 interdum

120 1445 230 1502 facilius
244 1443 271 1499 id
285 1454 433 1519 praestare,
445 1444 518 1518 quod
532 1461 587 1500 uon
599 1445 711 1518 petitur.
742 1445 866 1502 similiter
880 1447 903 1502 si
915 1446 974 1518 quis
987 1461 1074 1519 genus

120 1528 267 1602 stipulatus
282 1531 326 1594 sit,
342 1527 439 1584 deinde
458 1529 573 1602 speciem
594 1536 685 1601 petat,
707 1528 783 1585 uelut
803 1531 827 1585 si
847 1531 907 1603 quls
928 1545 1074 1603 purpuram

119 1612 269 1686 stipulatus
279 1613 315 1668 sit
326 1610 501 1685 generaliter,
513 1611 609 1667 deinde
621 1612 728 1686 Tyriam
738 1613 892 1686 specialiter
902 1621 992 1687 petat;
1009 1613 1074 1687 quin

119 1698 202 1754 etiam
217 1695 281 1752 licet
295 1695 452 1752 uilissimum
467 1702 550 1769 petat,
565 1695 635 1751 idem
652 1696 718 1751 iuris
733 1705 776 1753 est
794 1705 909 1770 propter
921 1712 979 1752 eam
993 1698 1075 1752 ratio·

119 1795 195 1852 uem,
210 1794 289 1853 quam
305 1781 427 1854 proximo
441 1779 565 1836 diximus.
596 1779 667 1834 idem
682 1780 747 1836 iuris
769 1788 822 1851 est,
842 1781 866 1835 si
887 1780 948 1854 qnls
963 1794 1075 1853 genera-

120 1864 186 1922 liter
200 1863 337 1920 homiuem
352 1862 497 1938 stipulatus
511 1864 559 1935 sit,
573 1861 670 1919 deinde
685 1863 842 1919 nominatim
857 1862 972 1937 aliquem
989 1871 1075 1936 petat,

120 1947 200 2007 uelut
214 1947 346 2019 Stichum,
363 1947 487 2024 quamuis
509 1947 679 2005 uilissimum.
708 1948 801 2021 itaque
821 1949 892 2006 sicut
911 1949 968 2022 ipsa
989 1949 1075 2021 stipu-

119 2032 188 2091 latio
203 2041 333 2109 concepta
348 2041 402 2106 est,
416 2032 493 2089 itaet
508 2033 623 2089 intentio
638 2032 771 2089 formulae
783 2033 889 2106 concipi
903 2032 993 2089 debet.
1026 2028 1074 2092 ⁵4.

120 2116 191 2175 lllud
206 2119 272 2175 satis
287 2126 409 2192 apparet,
423 2118 452 2172 in
469 2117 583 2186 incertis
602 2115 726 2173 formulis
746 2115 809 2191 plus
828 2118 885 2191 peti
904 2130 960 2173 non
981 2132 1073 2190 posse,

122 2204 196 2277 quia,
213 2218 275 2259 cum
289 2209 363 2259 certa
378 2202 514 2275 quantitas
529 2217 585 2257 uon
600 2208 722 2274 petatur,
743 2200 790 2257 sed
807 2199 937 2275 quidquid
951 2200 1076 2256 aduersa-

59 2298 115 2351 nte]
126 2288 198 2345 rium
213 2285 276 2343 dare
291 2286 379 2342 iacere
392 2284 530 2359 'oportere
541 2278 672 2357 poreat⁴
691 2283 861 2356 intendatur,
881 2300 960 2341 nemo
984 2292 1077 2358 potest

122 2369 188 2445 plus
201 2370 350 2428 intendere.
374 2368 446 2426 idem
460 2370 528 2425 iuris
539 2376 583 2425 est
596 2370 659 2426 etsi
673 2369 701 2425 in
712 2384 769 2426 rem
780 2370 898 2426 incertae
909 2370 993 2443 partis
1005 2369 1075 2425 actio

120 2454 185 2511 data
195 2456 241 2527 sit,
252 2454 330 2511 uelut
343 2452 429 2510 'talisz
447 2467 595 2518 colurum
606 2469 734 2511 raarnu
745 2468 848 2512 sanun
857 2468 889 2513 1n
903 2467 945 2511 no
960 2467 1076 2526 nunno,

121 2552 186 2604 cvo
205 2554 248 2596 nn
265 2553 400 2609 aennon,
418 2552 552 2596 acroma
573 2531 682 2597 aasn.⁶
711 2536 785 2611 quod
806 2554 893 2612 genus
913 2540 1027 2596 actionis
1047 2538 1076 2595 in

120 2623 288 2697 paucissimis
309 2624 396 2679 causis
422 2621 479 2677 dari
499 2620 578 2679 solet
620 2618 669 2678 55.
692 2621 757 2677 ltem
778 2622 865 2695 palam
890 2631 948 2694 est,
970 2624 993 2679 si
1015 2623 1075 2695 quls

195 2769 217 2839 ι)
230 2772 305 2823 Haec
322 2773 445 2837 specialis
463 2786 557 2822 causae
571 2772 683 2821 adiectio
702 2769 745 2837 (de
763 2786 814 2835 quo
832 2771 867 2833 cf.
886 2769 992 2830 Quintil.
1007 2768 1029 2819 I.
1046 2768 1075 2821 0.

119 2857 142 2905 t,
157 2856 178 2896 e.
192 2845 217 2907 §-
226 2843 259 2909 o.)
274 2845 301 2892 in
315 2844 365 2893 liae
379 2845 481 2893 actione
494 2843 644 2892 necessaria
658 2847 703 2901 est,
718 2843 791 2905 eique
805 2842 916 2904 spatium
929 2842 1035 2904 sufficit.

122 2911 144 2979 ¹)
159 2916 213 2981 qpis
228 2913 273 2979 (=
283 2913 402 2980 quamuis)
417 2914 445 2963 V
445 2909 473 2965 ⁸².
511 2908 533 2977 8)
543 2914 592 2962 eor’
602 2911 695 2962 Seleu.
705 2912 763 2961 edd.
774 2913 892 2962 omittunt
903 2908 1026 2978 [Admisit
1036 2912 1075 2961 ed.

120 2985 170 3052 Bp.
185 2984 216 3053 t].
235 2984 288 3036 Seu
301 2986 390 3035 careri
403 2998 454 3035 non
464 2991 549 3049 potest
562 3000 584 3033 o.
597 2979 710 3041 ‘aolom'‚
725 2984 786 3049 quio
798 2979 962 3032 ‘alterutrum
975 2996 1010 3032 ex
1023 2979 1074 3033 ltis’

116 3058 186 3121 petit
198 3058 275 3107 etiam
289 3057 335 3120 qui
348 3052 382 3103 ’Χ
393 3057 465 3105 milio
479 3050 659 3104 outStiohum'
671 3056 745 3118 petit.
756 3053 835 3103 Iucu:
850 3050 940 3103 ‘ueluti
953 3054 1076 3104 hominem

121 3135 219 3248 repingens
232 3128 476 3264 guffcpef'ffawm
485 3121 601 3175 ionium)
653 3120 675 3191 ⁴)
689 3124 735 3175 Ex
744 3140 798 3175 mea
808 3128 841 3189 ej.
853 3132 975 3189 oporteret
983 3124 1075 3176 Scled.

120 3214 135 3248 e
174 3236 180 3246 .
380 3233 387 3245 .

192 3345 218 3417 ξ.
233 3350 276 3400 54.
301 3347 340 3412 Cf.
360 3346 412 3397 Cic.
427 3362 480 3412 pro
495 3345 571 3397 Rosc.
586 3347 603 3395 l.
618 3361 641 3396 c.
657 3345 733 3397 Paul.
748 3344 775 3395 S.
791 3344 822 3396 R.
836 3357 857 3403 o,
871 3357 892 3397 8.
916 3346 940 3408 ὅ.
955 3356 976 3397 a.
993 3344 1026 3394 L.
1041 3356 1074 3397 to.

121 3421 145 3482 9.
160 3432 181 3471 1.
195 3420 228 3469 D.
243 3420 275 3469 de
287 3420 329 3469 rei
341 3418 411 3468 vind.
426 3418 457 3485 (s,
472 3417 502 3482 1).
521 3417 554 3465 L.
569 3429 589 3467 1.
604 3418 628 3480 §-
643 3426 663 3468 t.
679 3417 712 3466 D.
726 3418 826 3479 sipara
840 3416 893 3465 iuer.
910 3414 940 3481 (t,
954 3414 986 3480 4).
1007 3415 1038 3464 L.
1053 3427 1075 3467 8.

121 3492 145 3552 §-
156 3502 176 3541 1.
191 3489 224 3539 D.
239 3506 326 3541 comm.
340 3486 449 3555 dio.(1o,
462 3485 494 3552 o).
509 3487 541 3536 L.
552 3500 563 3538 1
574 3503 618 3550 pr.
630 3487 661 3535 D.
672 3488 704 3537 de
719 3488 843 3551 interrop.
855 3484 899 3553 (11,
914 3484 945 3551 1).
994 3482 1021 3555 ᾗ.
1033 3488 1074 3539 55.

124 3560 162 3623 Of.
177 3562 200 3624 β.
215 3571 249 3614 35.
268 3560 290 3611 Ι.
305 3560 337 3611 de
351 3566 401 3609 act.
416 3559 448 3626 (a,
461 3558 485 3624 6)
501 3574 557 3608 cum
574 3557 684 3621 tteopt.
701 3557 818 3609 filontio.
837 3557 869 3607 de
888 3564 1002 3609 controv.
1016 3573 1075 3625 apr.
