2550 4000
394 232 456 268 oa11
475 233 578 269 manin.
598 215 619 269 I.
639 221 750 271 46-51.
935 172 939 183 Ι
996 219 1058 284 185

12 389 59 441 uu]
463 391 506 432 vv.
534 373 649 434 2-24.
1071 381 1115 429 13.

74 455 132 516 46.
156 475 221 516 num
244 468 272 516 ct
294 460 318 515 si
339 467 504 516 testamento
533 461 643 532 smiptia
670 460 698 516 in
721 460 814 517 orbem
837 444 925 518 sonnis
947 374 1058 519 iiboitns.

77 545 148 600 data
164 546 210 615 sit,
226 545 290 618 quia
307 543 399 599 nuilus
410 543 480 599 ordo
494 546 716 601 manumissionis
731 546 880 612 inuenitur,
896 547 966 602 nuiii
981 547 1060 604 libeni

78 638 185 698 cruut3
203 631 265 702 quia
279 628 324 684 lex
340 627 549 699 inundantum,
566 643 635 703 quac
650 631 679 684 iu
692 629 815 686 fraudem
832 633 892 687 eius
908 631 977 687 iactu
993 633 1059 703 mut,

78 713 227 770 rescindit.
254 722 319 768 aunt
335 715 414 770 etiam
426 713 551 786 specialia
565 714 812 784 senatusconsulta,
827 715 928 788 quibus
943 717 1060 772 mcissa

27 855 46 874 Ι
79 807 152 854 sunt
167 815 208 871 na,
225 813 293 872 quae
310 799 338 854 ln
353 797 476 853 incudem
493 799 551 853 eius
566 798 637 872 iugis
650 800 806 873 excogitata
822 809 895 860 sunt.

147 879 199 941 47.
221 883 251 938 in
271 897 376 938 summa
398 881 538 938 sciendum
560 890 619 952 cst,
642 876 760 956 (ᾳιιοα)1
785 884 847 957 iege
870 884 943 940 Actia
966 883 1060 940 δοιώ

81 974 198 1026 cautum
212 967 275 1036 'est⁹
297 961 342 1024 ui²
354 961 500 1041 (patroni)
516 976 562 1023 aut
578 967 744 1023 meditouum
755 968 967 1024 inundandorum
977 985 1059 1025 causa

81 1052 245 1125 manumissi
260 1050 338 1108 lihesi
354 1067 409 1106 non
425 1049 500 1123 fiant,
520 1054 601 1107 etiam
618 1051 671 1108 hoc
685 1052 718 1107 ad
733 1055 894 1126 peregrinos
909 1054 1060 1126 pertincte,

82 1134 189 1210 ((num)
211 1127 343 1192 senatus³
362 1137 400 1192 ita
418 1137 525 1192 censuit
545 1151 578 1191 ox
600 1138 761 1192 nictouitatc
776 1129 895 1215 ’(ιὶὴιὲ)4
917 1134 1059 1212 Hadaiani)

84 1229 182 1278 cetera
197 1235 266 1278 ucro
281 1222 341 1276 iura
356 1223 415 1276 cius
431 1220 502 1294 togis
517 1220 551 1275 ad
565 1222 730 1293 peregrinos
746 1237 801 1278 uon
816 1215 982 1294 peutincne.⁵

153 1304 204 1366 48.
219 1305 349 1378 Sequitur
364 1305 397 1361 dc
413 1307 473 1361 iuis
494 1321 674 1378 personarum
689 1305 740 1360 alia
752 1305 864 1361 diuisio.
901 1321 962 1360 nam
974 1321 1061 1380 quac·

85 1390 149 1446 dam
161 1406 296 1465 personae
309 1391 351 1445 sui
362 1391 430 1446 iunia
439 1397 517 1460 sunt,
528 1389 660 1462 qumdam
672 1389 761 1445 alieno
771 1391 824 1446 iuri
835 1399 900 1447 sunt
910 1389 1059 1449 subiectae.

85 1472 141 1532 49.
159 1476 213 1531 Sed
234 1491 330 1530 numus
345 1491 437 1530 eanum
451 1489 645 1548 personarum,
664 1490 735 1547 quac
749 1475 838 1531 uliano
854 1477 907 1532 iuni
921 1474 1060 1531 subiectae

87 1568 165 1632 snut,
181 1560 248 1616 aliae
260 1561 291 1615 in
306 1567 453 1632 potestne,
470 1559 541 1614 aiios
557 1561 584 1614 iu
597 1575 688 1630 manu,
703 1559 776 1616 atine
790 1562 820 1615 iu
835 1561 969 1633 mandpio
984 1568 1060 1615 sant.

86 1642 141 1702 to.
165 1645 310 1700 Videamus
332 1661 405 1701 nuuc
425 1643 460 1699 dc
482 1645 531 1715 iis,
553 1659 623 1716 quac
646 1643 735 1701 uiiono
756 1646 809 1700 iuri
822 1643 969 1700 subiectae
990 1645 1060 1699 sint:

86 1721 214 1809 ’(nam)⁸
236 1730 259 1784 si
281 1730 508 1802 augustissimus,
538 1743 609 1802 quac
631 1729 701 1784 istae
721 1744 856 1802 personae
877 1733 951 1799 aiut,
981 1728 1060 1782 simui

86 1814 293 1888 intellegemus,
309 1828 377 1886 quae
392 1814 435 1868 sui
449 1813 516 1868 iuris
531 1815 596 1870 sint.
625 1810 672 1871 dl.
690 1816 729 1869 tc
747 1815 825 1887 priua
838 1813 1014 1886 dispiciamus
1028 1811 1062 1866 do

88 1901 140 1969 iis,
156 1901 203 1973 qui
218 1900 246 1954 in
263 1898 348 1953 alienu
363 1905 500 1972 potestate
515 1906 590 1953 suut.

88 2004 305 2017 m

90 2062 206 2110 noluerit
221 2065 405 2116 testamentum
424 2060 472 2107 sed
488 2060 606 2121 epistolis
624 2065 671 2107 aut
687 2057 887 2122 quibuscunque
905 2060 968 2109 aliie
985 2057 1063 2107 rebus

90 2133 179 2183 seruis
191 2132 247 2180 suis
256 2129 380 2194 pluribus
394 2144 469 2193 quam
479 2145 531 2193 per
546 2135 721 2179 testamentum
732 2130 802 2186 iicet,
815 2130 939 2192 conferre
949 2130 1063 2178 uoluerit

92 2202 226 2253 libertates
244 2209 269 2251 et
286 2200 333 2251 sub
352 2208 465 2264 tempore
478 2201 569 2250 mortis
588 2199 752 2262 hocsemii,
771 2200 806 2256 di,
826 2202 870 2263 qui
880 2202 959 2263 prius
973 2216 1063 2248 manu-

91 2274 166 2323 missi
178 2273 288 2336 fuerint,
303 2271 432 2336 usquead
444 2287 576 2321 numerum
585 2272 707 2333 superius
716 2272 881 2319 constitutum
891 2270 969 2320 liberi
977 2277 1063 2329 erunt,

92 2346 139 2410 qui
157 2358 220 2393 uero
236 2350 297 2407 post
314 2348 436 2392 statumen
460 2357 592 2391 numerum
610 2340 763 2391 manumissi
779 2342 894 2405 suerint,
916 2342 989 2391 serni
1006 2342 1063 2391 sine

93 2415 172 2465 dubio
183 2414 378 2478 permanebunt.
401 2426 422 2463 a.
440 2412 504 2463 Nam
514 2416 539 2462 si
548 2415 685 2463 incolumis
699 2427 869 2477 quoscunque
882 2413 989 2463 diuerso
1003 2420 1063 2463 um-

89 2502 157 2551 pore
168 2488 324 2544 manumisit,
334 2487 403 2535 inter
412 2501 464 2544 eos,
475 2487 519 2549 qui
525 2500 575 2548 per
584 2491 760 2533 namnum
768 2487 919 2535 mauman
927 2492 996 2542 unt,
1006 2486 1066 2539 nula

94 2553 402 2621 latemuscomputentur'.
418 2554 1063 2621 RudistumeuEpaiomatoreapuaessss.s.uoon·

95 2632 224 2687 timentur,
239 2628 345 2678 aliunde
359 2644 435 2691 quam
449 2643 483 2677 eac
501 2626 566 2676 Gaio
579 2628 699 2675 sumsisse
713 2627 825 2676 uidetur.
869 2624 890 2693 ¹)
902 2623 1004 2693 ‘(cum)’
1020 2627 1061 2675 ed.

95 2700 144 2765 Bp.
182 2694 205 2764 ²)
221 2700 252 2747 sit
266 2707 307 2748 aut
319 2697 413 2747 Sched.
428 2700 504 2747 etiam
523 2694 576 2755 W,
590 2705 749 2761 corruptum,
765 2706 792 2746 ut
801 2705 876 2761 puto,
891 2704 948 2746 exe
963 2704 1000 2746 ut:
1016 2698 1064 2746 sed

95 2777 228 2833 acceptum
238 2786 290 2834 pro
301 2770 322 2819 si
332 2776 357 2817 ut
367 2770 462 2833 effecit,
478 2776 506 2818 ut
515 2774 652 2819 corrector
664 2775 754 2831 postea
765 2783 845 2831 super
854 2768 994 2816 manumissi
1003 2783 1064 2830 sup-

92 2844 177 2907 pleret
192 2842 249 2891 sint.
273 2840 340 2890 idem
354 2841 424 2905 quod
432 2840 572 2890 secundum
586 2836 632 2888 V*i
645 2841 715 2887 inter
724 2846 765 2887 aut
774 2847 799 2887 et
808 2838 963 2897 creditorum,
978 2840 1065 2887 alieno

97 2914 239 2970 sanciaco,
257 2914 359 2977 siquam
378 2912 543 2975 superposuit
557 2922 592 2969 11,
611 2926 641 2961 eo
659 2911 812 2975 sipnificare
828 2910 892 2959 midi
906 2909 1008 2958 uidetur
1022 2924 1065 2958 oo-

99 2986 188 3043 iuisse,
208 2984 328 3033 omissum
347 2982 449 3047 aliquid
467 2997 521 3032 esse
540 2982 618 3045 (putu
635 2998 658 3029 υ.
673 2981 769 3045 patroni
787 2981 846 3032 coil.
861 2982 885 3043 ξ.
900 2979 936 3044 tt)
956 2980 1066 3045 quadiu

99 3056 215 3121 maraine
228 3054 275 3103 sui
289 3054 376 3104 eodem
389 3055 465 3119 signo
479 3054 600 3116 supplere
614 3052 708 3102 oblitus
721 3059 767 3101 est.
796 3059 866 3101 certe
879 3067 931 3101 non
946 3051 1066 3101 dubitan-

100 3128 165 3185 dum,
180 3128 257 3176 etiam
271 3125 343 3188 apud
351 3126 517 3190 pereprinos,
532 3124 633 3173 etiamsi
647 3138 698 3172 non
713 3139 807 3181 omnes,
822 3125 946 3187 patronis
960 3122 1068 3187 aliquod

24 3248 28 3255 ,
101 3199 141 3247 ius
154 3199 180 3245 in
195 3197 270 3247 bonis
284 3196 435 3246 libertorum
446 3196 539 3260 fuisse.
578 3191 599 3258 ⁸)
614 3201 713 3243 senatus
730 3194 755 3243 0.
768 3195 825 3243 edd.
840 3194 889 3259 139.
904 3193 978 3243 Stud.
994 3194 1029 3257 cf.
1046 3206 1066 3250 1,

100 3278 133 3321 54.
183 3265 204 3334 ⁴)
220 3268 323 3317 Addidi
331 3275 499 3331 emperpetuo
517 3265 577 3315 Gaii
591 3281 669 3315 more.
717 3262 739 3331 ὅ)
754 3264 877 3330 Sequitur
891 3268 962 3316 tinea
974 3279 1065 3314 uacua.

103 3336 124 3406 ⁰)
137 3334 180 3388 En
194 3338 255 3405 Iup.
270 3346 295 3388 et
309 3338 374 3387 Just.
388 3340 513 3403 supplevi.

101 3426 311 3439 με*

168 3460 194 3532 5.
209 3466 252 3513 46.
275 3463 315 3526 Cf.
330 3477 412 3524 supra
426 3463 450 3523 5.
466 3462 513 3511 21⁸.
538 3461 570 3509 L.
586 3473 619 3512 st.
645 3461 677 3511 D.
692 3461 723 3509 de
741 3461 841 3510 condit.
855 3468 881 3509 et
895 3461 958 3509 dem.
971 3457 1020 3525 (to,
1034 3456 1066 3521 1).

102 3532 127 3605 §.
136 3537 177 3585 ct.
194 3534 233 3598 Cf.
244 3536 268 3595 §-
279 3545 314 3585 ut.
385 3528 431 3671 ἓξ.
442 3534 556 3583 46-51.
568 3554 601 3573 =
612 3532 645 3581 L.
656 3544 667 3581 1
678 3547 723 3595 pr.
734 3532 767 3581 D.
778 3532 811 3581 de
823 3532 865 3580 dis
879 3532 925 3594 qui
937 3532 980 3579 sui
990 3529 1023 3595 (1,
1032 3526 1065 3594 6).

99 3606 171 3671 me.
187 3606 243 3655 eod.
259 3604 291 3671 (1,
301 3603 333 3669 8).
405 3640 410 3652 .
426 3606 468 3655 49.
485 3603 524 3666 Of.
537 3603 581 3651 Fr.
598 3602 657 3652 Vnt.
668 3614 716 3653 298.
727 3612 776 3653 suo.
796 3602 857 3650 Lex
867 3601 939 3649 dian.
949 3600 1021 3664 Salp.
1032 3610 1067 3649 us.
