2550 4000
195 207 261 274 368
522 225 580 262 aun
597 225 689 261 nesam.
709 205 756 262 IV.
775 213 819 264 61.

196 359 261 432 quin
276 358 375 431 siquis
390 357 418 413 ln
434 354 559 427 formula,
575 371 644 430 quae
659 356 687 412 in
703 355 802 412 luctum
817 357 966 428 composita
981 363 1038 425 est,
1053 353 1149 428 plures

194 457 240 498 res
254 440 447 515 designamus,
463 456 543 512 quam
558 439 724 513 deposuerlt,
738 439 812 496 litem
828 439 932 514 perdat,
944 440 1005 512 quia
1019 441 1045 495 iu
1059 439 1147 495 inten-

124 527 185 577 610.
195 527 269 583 tione
283 525 344 599 plus
359 524 507 600 ’pusulisse
521 518 662 581 uidetur.¹

802 721 1150 732 ————.......

719 773 762 835 61.
786 771 1058 850 ²Compensatioues
1078 796 1149 852 quo·

194 882 250 940 que
265 868 414 938 oppositae
426 866 597 937 plerumque
613 863 754 934 efficiunt,
775 868 808 917 ut
826 865 919 919 minus
940 866 1060 936 quisque
1081 879 1150 918 con·

194 957 344 1022 sequntur,
359 966 445 1023 quam
461 952 489 1005 ei
501 949 667 1006 debebatur.
698 946 734 1003 ln
757 947 848 1003 bonae
862 948 932 1018 fidei
945 950 1019 1002 enim
1033 949 1151 1003 iudiciis

195 1051 259 1092 cum
277 1035 369 1091 libera
387 1039 519 1106 potestas
536 1033 667 1105 permitti
687 1032 821 1087 uideatur
840 1032 930 1087 iudici
950 1045 990 1088 etc
1012 1047 1104 1104 aequa
1122 1038 1223 1097 stass]

268 1207 288 1275 ¹)
302 1209 459 1260 Sententiam
479 1209 570 1259 Gdscli.
585 1208 708 1271 perfecit.
736 1207 767 1257 In
782 1223 811 1272 p.
830 1219 877 1259 616.
897 1215 922 1256 et
940 1219 987 1259 611.
1004 1208 1063 1271 fere
1082 1208 1151 1257 nilil

194 1283 247 1347 lepi
256 1283 350 1344 potuit.
378 1279 446 1340 Quid
452 1282 570 1343 perierit,
580 1280 713 1328 aestimari
721 1285 806 1342 potest
815 1293 849 1328 etc
858 1293 896 1336 eo,
907 1279 975 1342 quod
985 1280 1034 1328 iam
1044 1280 1072 1326 in
1083 1277 1149 1328 lust.

195 1352 259 1402 Inst.
274 1353 391 1415 sequitur
408 1353 447 1400 tit.
467 1351 499 1399 de
517 1357 568 1400 act.
582 1347 614 1413 (1,
628 1349 660 1414 6).
681 1351 705 1410 ἓ.
719 1361 753 1400 66.
775 1347 852 1398 ‘Sunt
866 1357 1004 1412 praeterea
1024 1350 1150 1412 quaedam

195 1425 321 1479 actiones,
344 1420 436 1486 quibus
455 1436 506 1470 uon
525 1435 624 1483 semper
642 1420 764 1478 solidum,
787 1420 855 1484 quod
872 1419 946 1469 nobis
964 1419 1083 1478 debetur,
1102 1420 1151 1469 sed

195 1493 268 1543 modo
286 1491 395 1541 solidum
414 1493 604 1554 consequimur,
625 1490 699 1540 modo
717 1492 807 1539 minus.
841 1489 872 1540 llt
890 1505 962 1548 ecce,
981 1492 1006 1539 si
1025 1491 1051 1538 in
1067 1506 1150 1554 pecu·

195 1565 257 1612 lium
267 1563 320 1626 filii
333 1563 436 1610 serulus
452 1575 573 1626 aqomus,·
587 1562 683 1608 namsi
696 1575 747 1610 non
761 1562 844 1610 minus
858 1562 885 1609 in
896 1562 1001 1627 peculio
1017 1562 1058 1621 sit,
1074 1577 1150 1626 quam

192 1633 384 1697 persequimur,
403 1632 430 1680 in
449 1631 558 1681 solidum
571 1637 651 1694 pater
669 1630 818 1680 dominusne
832 1631 1030 1688 condemnatur;
1047 1633 1073 1680 si
1087 1647 1150 1681 uero

195 1706 279 1752 miuus
293 1704 438 1761 inuenitur,
456 1701 580 1751 hactenus
593 1701 744 1751 condemnat
758 1702 850 1760 iudex,
869 1709 994 1765 quatenus
1007 1703 1034 1751 in
1044 1703 1151 1765 peculio

195 1776 245 1830 sits
266 1773 472 1838 quemadmodum
494 1779 577 1822 autem
591 1773 722 1835 peculium
741 1774 852 1837 intelliqi
869 1771 971 1830 debeat,
991 1787 1038 1823 suo
1056 1773 1150 1822 ordine

192 1859 365 1909 proponemus
383 1843 428 1908 (cf.
446 1855 472 1902 4,
490 1855 525 1895 66.
539 1842 583 1907 66).
611 1843 635 1904 §-
650 1853 683 1893 67.
703 1841 765 1892 Item
783 1844 808 1892 sl
825 1844 857 1892 de
871 1844 929 1893 dote
945 1843 1043 1894 iudicio
1057 1845 1151 1892 mulier

195 1922 267 1980 aqut,
277 1917 372 1978 placet,
382 1914 505 1963 hactenus
514 1915 632 1963 maritum
642 1913 808 1962 condemnant
817 1911 916 1974 debere,
927 1921 1051 1978 quatenus
1056 1914 1152 1977 faeere

192 1987 285 2050 possit,
300 1985 386 2044 idest,
405 1991 530 2049 qualenam
541 1984 683 2047 facultates
701 1985 756 2034 cius
769 1986 915 2049 patiuntur.
944 1986 1030 2049 itaque
1043 1985 1067 2033 si
1079 1984 1150 2035 datis

197 2058 337 2121 quantitati
354 2062 513 2106 concurrant
528 2055 670 2117 facultates
692 2056 759 2113 eius,
782 2057 809 2104 in
828 2056 937 2106 solidum
955 2056 1107 2113 damnatum·
1125 2057 1151 2104 si

196 2130 292 2187 minus,
310 2128 337 2175 in
352 2133 461 2185 tantum,
480 2133 601 2189 quantum
616 2126 709 2189 facere
724 2133 815 2188 potest.
852 2126 964 2189 stopter
982 2128 1151 2175 retentionem

197 2213 295 2263 quoque
309 2198 378 2247 dotis
391 2198 511 2259 repetitio
525 2198 664 2245 minuitur:
681 2211 739 2245 nam
757 2196 788 2246 ol
806 2198 934 2261 impensas
947 2198 974 2245 in
993 2211 1036 2245 res
1049 2197 1152 2247 dotales

194 2269 283 2333 factas
303 2270 396 2317 marito
416 2268 526 2317 retentio
547 2281 669 2317 concessa
688 2273 737 2324 est,
759 2269 820 2331 quta
843 2269 898 2331 ipso
917 2269 975 2317 iure
993 2268 1151 2317 necessariis

196 2339 336 2402 sumptibus
356 2338 403 2387 dos
423 2339 559 2394 minuitur,
585 2338 654 2386 sicut
678 2352 712 2385 en
732 2338 870 2387 latioribus
889 2337 1053 2403 thestorum
1073 2337 1152 2387 libris

198 2410 444 2473 coqnoscere'liceot
458 2406 504 2472 (cf.
524 2406 578 2470 Uip.
593 2418 614 2458 6.
629 2413 655 2456 et
668 2406 756 2457 Boetli.
771 2408 807 2457 ad
822 2408 873 2458 Cic.
892 2408 952 2472 Tap.
967 2420 1001 2468 ut,
1016 2420 1050 2460 66.
1061 2423 1089 2472 p.
1099 2419 1149 2460 666.

201 2476 244 2527 Or.
264 2492 335 2542 quem
353 2492 418 2541 quae
435 2477 518 2526 tradit
534 2478 567 2526 de
584 2478 625 2525 rei
644 2479 754 2527 uxoriae
772 2481 874 2529 actione
892 2493 926 2528 ex
943 2478 992 2530 ltoc
1013 2479 1074 2528 Gaii
1091 2481 1151 2529 loco

197 2550 317 2598 sumsisse
331 2547 453 2597 credibile
469 2545 524 2612 est).
548 2548 571 2609 5.
586 2557 621 2598 66.
640 2545 693 2595 Sed
705 2550 766 2597 etsi
780 2550 838 2613 quis
852 2564 907 2599 cum
917 2556 1028 2613 parente
1041 2564 1088 2600 suo
1097 2564 1151 2613 pa-

198 2626 307 2669 tronoue
320 2625 389 2684 aqut,
404 2620 462 2668 item
475 2620 500 2667 si
512 2618 600 2668 socius
613 2633 670 2667 cum
683 2620 754 2668 socio
765 2620 861 2670 iudicio
871 2622 1003 2671 societatis
1012 2627 1082 2685 apat,
1096 2634 1151 2670 non

194 2692 257 2754 plus
271 2696 345 2740 actor
359 2691 531 2754 consequitur,
546 2704 619 2752 quam
629 2688 800 2739 aduersarius
809 2691 1068 2755 eiusfacerepotest;
1082 2690 1151 2740 idem

197 2767 244 2819 est,
257 2762 282 2810 si
295 2762 352 2825 quis
365 2775 400 2809 eu
413 2760 550 2810 donatione
562 2773 611 2808 sua
625 2761 804 2809 conueniatur.
836 2762 859 2824 ξ.
874 2772 908 2813 66.
928 2761 1153 2825 Compensationes

199 2846 297 2896 quoque
312 2832 443 2895 oppositae
453 2834 603 2895 plerumque
617 2830 742 2893 efficiunt,
757 2838 785 2881 ut
797 2833 880 2882 minus
893 2833 1000 2898 quisque
1009 2846 1151 2896 consequa·

197 2909 250 2961 tur,
265 2917 340 2967 quam
354 2903 379 2951 ei
392 2901 545 2951 debebatur:
565 2916 672 2965 namque
686 2916 720 2950 eu
734 2917 814 2967 aequa
828 2908 853 2953 et
866 2901 931 2953 bono
945 2902 1032 2953 habita
1046 2904 1153 2953 ratione

197 2974 265 3031 eius,
284 2972 353 3036 quod
369 2973 479 3022 inuicem
492 2978 606 3022 actorem
618 2986 654 3022 ex
667 2973 754 3022 eadem
768 2987 848 3023 causa
857 2980 996 3038 praestare
1009 2980 1151 3038 oporteret,

197 3044 224 3091 in
239 3043 365 3105 reliquum
378 3057 442 3102 eum,
457 3058 512 3093 cum
526 3057 575 3107 quo
588 3049 674 3092 actum
683 3050 728 3102 est,
744 3044 901 3102 condemnat,
915 3046 983 3094 sicut
992 3046 1042 3093 iam
1051 3045 1153 3095 dictum

197 3109 255 3161 est.’
284 3114 307 3173 ὅ.
322 3124 367 3169 so,
381 3128 445 3176 quae
455 3115 569 3176 pertinet
582 3113 619 3162 ad
626 3112 749 3163 bonorum
759 3116 905 3174 cessionem,
920 3114 1082 3165 Iustinianus
1091 3117 1152 3166 loco

197 3182 360 3232 deductionis
369 3180 419 3247 (§§.
427 3183 533 3245 66-66),
543 3198 609 3246 quae
619 3185 677 3232 item
686 3184 848 3235 decoctorum
858 3186 1032 3235 condicionem
1041 3192 1153 3249 spectat,

192 3254 313 3318 posuisse
327 3260 352 3302 et
365 3254 471 3303 aliunde
483 3255 603 3303 sumsisse
617 3254 763 3304 credendus
776 3262 821 3304 est.
872 3253 898 3322 ²)
911 3255 1018 3306 Initium
1031 3256 1108 3305 nulus
1123 3257 1154 3318 §i

196 3325 281 3388 refeci
293 3339 328 3373 ex
342 3325 366 3387 ξ.
379 3335 413 3376 66.
428 3324 501 3374 modo
515 3326 637 3391 alleqota‚
648 3326 744 3388 paucis
758 3328 860 3376 mutatis
874 3342 909 3376 eae
922 3328 945 3389 ξ.
961 3338 995 3379 66.
1009 3326 1031 3376 I.
1046 3327 1103 3377 cad.

267 3478 292 3551 ξ.
308 3484 349 3533 61.
376 3481 414 3544 Of.
433 3483 472 3543 ἐξ.
487 3493 522 3534 66.
536 3493 570 3534 66.
593 3482 617 3532 I.
635 3482 668 3533 de
686 3490 736 3533 act.
752 3483 782 3549 (4,
800 3482 833 3551 6).
868 3484 920 3535 Cic.
939 3485 971 3535 de
989 3485 1057 3548 afdc.
1072 3496 1094 3543 6,
1115 3499 1153 3537 17.

196 3553 221 3613 5.
236 3563 270 3603 66.
291 3553 366 3601 Paul.
381 3563 403 3612 u,
417 3563 437 3603 6.
453 3554 476 3614 ξ.
490 3564 512 3604 6.
