2550 4000
386 248 448 284 cam
467 249 572 288 ruam.
590 231 639 286 tv.
658 236 766 290 24-25.
996 233 1060 300 353

93 407 199 466 puram,
214 390 241 446 id
256 399 299 447 est
314 407 369 446 uon
384 407 434 464 pro
449 389 587 464 iudicato,
610 389 688 447 uelut
709 390 758 448 lex
775 386 896 466 (Furio)
913 400 1059 449 testamen·

93 477 160 534 taria
182 475 316 533 aduersus
338 490 416 547 eum,
446 477 492 550 qui
514 475 669 549 legatorum
691 478 800 533 nomine
823 479 954 534 mortisue
977 494 1058 535 causa

92 561 155 636 plus
170 576 198 618 ar
210 559 317 616 assibus
332 562 466 634 cepisset,
488 576 548 617 cum
572 577 603 617 ea
624 560 686 635 lege
707 579 763 619 uon
778 571 852 618 esset
868 570 1007 636 exceptus,
1028 570 1058 618 ut

91 647 117 702 ei
139 644 201 719 plus
216 659 313 718 capere
331 643 441 715 liceret3
463 646 527 702 item
542 644 586 701 lex
601 643 697 702 llarcla
713 647 844 703 aduersus
860 647 1057 720 faeneratores,

92 739 122 786 ut
137 731 160 785 si
175 745 273 786 usuras
288 730 461 802 exegissent,
483 728 518 786 de
539 729 582 785 bis
596 729 740 786 reddendis
761 747 811 805 per
824 748 919 787 manus
934 732 1057 789 iniectio·

90 831 151 872 uem
175 831 236 871 cum
258 815 298 869 eis
320 821 458 888 ageretur.
501 808 551 878 24,
575 813 613 870 Ea
635 815 734 888 quibus
756 814 863 889 legibus
887 817 958 872 etsi
987 833 1057 890 quae

89 898 156 955 aliae
171 898 274 956 similes
289 906 392 972 esseut,
415 915 477 956 cum
497 898 640 974 agebatur,
663 916 769 956 manum
791 899 842 956 sibi
869 900 1006 974 depellere
1029 911 1057 957 et

89 1000 140 1057 pro
163 1000 193 1039 se
214 982 278 1058 lege
298 999 379 1055 agere
396 978 474 1059 ³(reo
486 977 643 1060 licebat):¹
660 1000 720 1040 nam
736 991 764 1042 et
779 992 855 1041 actor
869 987 897 1040 iu
911 986 969 1058 ipsa
986 984 1055 1059 legis

88 1069 197 1125 actione
216 1083 272 1124 nou
293 1066 427 1124 adiciebat
447 1068 501 1126 boc
515 1068 630 1126 uerbum
645 1084 707 1128 suo
723 1085 884 1146 tvmcnro,
906 1069 953 1125 sed
969 1072 1057 1126 numi·

88 1159 151 1208 nata
165 1168 256 1219 causa,
272 1168 305 1209 er
320 1169 373 1226 qua
384 1152 490 1226 agebat,
507 1155 545 1209 ita
559 1151 680 1210 dicebat:
696 1168 737 1212 ou
752 1169 817 1210 anu
831 1171 896 1212 auu
910 1169 974 1212 auo
989 1171 1056 1215 stat

87 1251 197 1296 nauum
211 1251 330 1311 1u1u103
345 1253 407 1293 cum
428 1237 472 1310 bi,
488 1236 587 1313 quibus
605 1253 657 1312 pro
678 1238 796 1295 iudicato
818 1241 889 1294 actio
912 1238 1055 1311 dancrat,

86 1323 331 1393 commentatorum,
346 1337 380 1377 ex
395 1337 448 1397 qua
462 1321 591 1397 agebant,
611 1323 650 1379 ita
663 1321 832 1381 inferebant:
856 1338 896 1380 oa
911 1338 976 1381 aaut
990 1339 1056 1382 acar

85 1421 150 1463 auo
166 1421 234 1463 mm
255 1421 317 1464 rao
338 1421 493 1465 morcaro
514 1422 627 1466 naseu
648 1421 762 1466 amum:
786 1424 836 1464 nec
853 1424 895 1465 me
911 1409 1052 1482 praeterit,

84 1491 113 1546 iu
136 1489 225 1546 torma
246 1489 316 1566 legis
337 1488 433 1548 Furiae
454 1491 671 1549 testamentariae
688 1505 750 1552 ruo
765 1507 917 1552 rvmoaro
940 1492 1052 1550 uerbum

28 1580 73 1634 [ars]
85 1575 185 1647 inseri,
205 1591 267 1631 cum
282 1575 310 1629 iu
324 1575 385 1648 ipsa
398 1574 461 1650 lege
475 1591 531 1632 uon
546 1576 599 1652 slt;
620 1574 695 1649 quod
711 1575 820 1634 uidetur
835 1569 840 1654 Ι
857 1577 931 1634 nulla
947 1578 1051 1635 ratione
1070 1589 1129 1643 197.

85 1661 196 1716 lactum.
245 1656 295 1720 26.
317 1656 372 1715 Sed
393 1666 488 1734 postea
510 1658 574 1736 lege
589 1653 719 1733 '’Vallla,²
746 1671 860 1736 excepto
883 1661 1001 1719 iudicato
1024 1669 1053 1718 et

86 1761 137 1813 eo,
153 1760 206 1818 pro
221 1758 277 1818 quc
291 1742 441 1817 depensum
456 1752 509 1814 est,
530 1745 628 1802 ceteris
643 1743 781 1817 omuibus,
802 1761 865 1802 curu
882 1744 982 1819 quibus
1004 1762 1054 1820 per
1072 1820 1075 1824 .

84 1846 181 1886 manus
202 1829 378 1886 iniectionem
398 1828 545 1904 agebatur,
565 1831 729 1904 permissum
750 1837 793 1888 est
812 1828 864 1885 sibi
879 1845 986 1886 mauum
1006 1829 1061 1886 de·'

83 1914 184 1988 pellere
201 1921 229 1971 et
243 1930 294 1988 pro
309 1929 339 1969 sc
354 1929 452 1989 agere:
467 1915 560 1990 itaque
574 1913 708 1972 iudicatus
723 1924 751 1972 et
766 1916 801 1987 is,
816 1930 867 1988 pro
882 1930 938 1989 quo
950 1913 1051 1990 depen-

84 2016 141 2056 sum
157 2009 214 2073 est,
233 2000 315 2056 etiam
334 2008 399 2074 post
418 1999 488 2057 hauc
507 2000 596 2075 legem
612 1999 747 2058 uindicem
763 1999 827 2059 dare
848 1999 1002 2073 debebant,
1024 2008 1051 2057 ct

84 2086 133 2141 nisi
148 2085 257 2156 darent,
272 2083 382 2141 domum
396 2084 574 2143 ducebantur.
607 2086 714 2160 istaque
734 2084 860 2160 quamdiu
880 2085 951 2159 legis
967 2086 1051 2142 actic-

83 2235 162 2269 cousa
178 2219 302 2270 addendo
317 2220 482 2283 peccavisse,
500 2225 526 2269 et
543 2219 659 2270 editores
675 2233 727 2270 non
741 2234 806 2270 raro
822 2221 978 2286 glossemata
992 2221 1049 2271 sine

83 2306 162 2340 cansa
178 2290 319 2341 statuendo
337 2291 513 2353 procliviores
532 2290 626 2354 fuisse.
654 2289 742 2340 Etiam
762 2289 787 2340 lt.
802 2292 819 2342 t.
842 2290 903 2341 Gaii
921 2293 1049 2342 intererat

82 2362 176 2422 dicere,
190 2378 244 2413 non
258 2363 344 2411 minvs
352 2363 440 2411 vivttis
448 2363 476 2411 in
485 2362 576 2412 caveis
580 2376 686 2426 param,
700 2376 776 2427 quam
786 2377 838 2425 pro
853 2363 969 2414 iudicato
983 2364 1049 2429 tegis
1103 2360 1106 2367 '

82 2434 208 2483 actionem
219 2449 248 2497 p.
258 2450 290 2483 m.
300 2434 346 2482 ini.
357 2434 431 2483 novis
444 2432 552 2500 tegibus,
566 2448 632 2499 qvae
641 2433 758 2484 actiones
767 2432 873 2493 dabant,
887 2434 974 2485 datam
984 2448 1048 2485 esse.

152 2500 173 2571 ¹)
187 2503 322 2569 Supplevi.
337 2502 452 2572 (licebat)
467 2504 526 2555 edd.
562 2502 617 2555 Sed
628 2504 707 2555 etiam
721 2500 790 2555 ‘reo'
806 2506 951 2574 excidisse,
967 2521 1048 2572 argv-

83 2583 162 2627 mento
180 2583 222 2627 est
239 2584 291 2626 tum
304 2590 414 2640 sequens
427 2583 451 2626 et
464 2582 545 2640 actor,
563 2582 616 2626 tvm
634 2575 705 2641 quod
722 2576 759 2625 ita
773 2578 843 2627 ratio
857 2583 981 2641 apparet,
1001 2593 1050 2628 cur
1131 2572 1134 2580 ⁴

83 2647 156 2696 etiarn
166 2663 203 2697 ex
213 2643 240 2699 ‘o
250 2643 356 2697 licebat'
368 2647 469 2711 sactum
479 2642 604 2696 ‘dicebat'
615 2646 760 2705 excideret,
774 2661 851 2696 sensu
861 2663 965 2708 carens,
976 2655 1050 2712 post-

83 2732 190 2781 quamre
206 2725 235 2769 ut
246 2719 531 2784 peninatvmorntssurn
539 2723 605 2767 erat
662 2712 684 2783 ¹)
694 2715 740 2766 Sic
750 2725 884 2780 procerte
899 2714 953 2777 W,
968 2733 1050 2782 quare

84 2788 111 2837 id
124 2790 229 2840 interim
242 2791 357 2840 retinere
367 2790 454 2849 malm,
468 2802 621 2853 quamquam
629 2801 722 2837 vercor
732 2787 768 2836 ad
776 2789 921 2851 coemptum
931 2788 1050 2838 Mensiae

84 2861 153 2925 tegis.
173 2860 261 2910 Antea
275 2860 540 2924 Valeria-scripseram
554 2855 591 2911 ‘d
606 2857 689 2909 Recbt
701 2858 727 2908 d.
745 2854 857 2908 Neoeom'
872 2875 899 2923 p.
910 2870 957 2911 141.
972 2859 1012 2909 ed.
1027 2870 1049 2911 a.

84 2938 189 2982 notans:
207 2946 256 2982 nec
273 2931 376 2991 dubito,
394 2933 457 2997 quin
475 2928 514 2998 (in
531 2925 686 2996 orebetgpo)
702 2930 825 2989 litterar,
842 2945 917 2995 poam
933 2929 959 2982 0.
974 2928 1050 2981 babet

85 3002 110 3050 in
132 3018 210 3053 versu
227 3003 395 3053 antecedente
408 3008 469 3066 post
486 3016 541 3054 voc.
559 3016 627 3064 cum,
642 3016 694 3065 per
711 3015 828 3051 errorem
844 3016 874 3052 eo
888 3003 1048 3068 migraverit,

84 3088 138 3123 cvm
151 3081 289 3125 corrector
302 3089 358 3124 earn
371 3088 450 3139 svper
463 3072 535 3124 uallia
550 3071 601 3141 (sie
611 3073 672 3139 sere
688 3070 723 3139 0.)
737 3073 915 3137 supplevisset.

84 3189 231 3253 tegendum:
244 3189 290 3240 Ubi
304 3187 475 3255 quadruplatur
487 3188 545 3254 quoi
558 3186 650 3250 inpiam
663 3185 727 3255 (pro
739 3186 886 3254 quempiam)
900 3187 983 3239 iniexit
996 3203 1048 3239 ma·

85 3272 145 3309 uum.
164 3260 211 3310 Em
223 3261 311 3312 eodem
325 3275 386 3311 vero
400 3262 457 3312 loco
470 3260 603 3318 discimus,
616 3274 653 3309 ex
665 3259 813 3310 huiusmodi
821 3260 968 3311 actionibus
982 3266 1047 3309 tres·

77 3332 153 3452 ¹pirqq
166 3334 295 3415 capitales
313 3332 483 3453 ivdicpssefflet
496 3337 610 3415 actorem
625 3331 684 3382 sine
698 3332 819 3453 pneris-¹2²⁰
832 3346 881 3381 sao
895 3331 1047 3451 ῐίἔὲῃαὲἰεεῖ.

84 3400 439 3540 statuissetis
457 3397 1048 3541 titillttllls.laialttantti

84 3539 108 3610 ξ.
122 3546 163 3597 25.
182 3546 234 3608 lege
257 3544 382 3614 valeriae]
401 3562 426 3595 a.
446 3563 470 3597 v.
488 3556 537 3597 tta.
572 3543 611 3608 Cf.
632 3541 670 3594 ‘d
686 3543 769 3595 Recbt
786 3544 812 3593 d.
829 3540 940 3594 Nexum’
958 3561 986 3609 p.
1002 3556 1049 3599 tta.

83 3614 212 3666 iudicatam
225 3613 300 3686 solui]
314 3618 350 3683 cf.
365 3620 389 3681 ξ.
404 3628 450 3669 102.
469 3611 601 3683 uindicem]
618 3615 657 3680 Os.
670 3618 716 3666 tex
725 3618 808 3667 colon.
821 3614 907 3671 tieret,
917 3615 968 3667 Iul.
979 3633 1002 3669 c.
1012 3628 1048 3670 at.

129 3719 230 3754 mursam.
243 3722 389 3755 samm.
411 3722 449 3752 xv.
464 3722 485 3754 v.
813 3703 846 3753 28
866 3774 871 3783 ι
