<?xml version="1.0" encoding="UTF-8"?>
<!DOCTYPE html PUBLIC "-//W3C//DTD XHTML 1.0 Transitional//EN"
    "http://www.w3.org/TR/xhtml1/DTD/xhtml1-transitional.dtd">
<html xmlns="http://www.w3.org/1999/xhtml" xml:lang="en" lang="en">
 <head>
  <title>
</title>
<meta http-equiv="Content-Type" content="text/html;charset=utf-8" />
  <meta name='ocr-system' content='tesseract 3.04.00' />
  <meta name='ocr-capabilities' content='ocr_page ocr_carea ocr_par ocr_line ocrx_word'/>
</head>
<body>
  <div class='ocr_page' id='page_1' title='image "./gaiiinstitution00kbgoog_0046.png"; bbox 0 0 2550 4000; ppageno 0'>
   <div class='ocr_carea' id='block_1_1' title="bbox 220 164 935 232">
    <p class='ocr_par' dir='ltr' id='par_1_1' title="bbox 220 164 935 232">
     <span class='ocr_line' id='line_1_1' title="bbox 220 164 935 232; baseline -0.004 -10"><span class='ocrx_word' id='word_1_1' title='bbox 220 167 280 232; x_wconf 87' lang='grc'><strong>186</strong></span> <span class='ocrx_word' id='word_1_2' title='bbox 528 181 590 220; x_wconf 75' lang='lat' dir='ltr'><strong>carr</strong></span> <span class='ocrx_word' id='word_1_3' title='bbox 607 182 707 218; x_wconf 79' lang='lat' dir='ltr'><strong>msam.</strong></span> <span class='ocrx_word' id='word_1_4' title='bbox 726 164 749 217; x_wconf 88' lang='lat'><strong>1.</strong></span> <span class='ocrx_word' id='word_1_5' title='bbox 767 170 876 218; x_wconf 76' lang='lat'><strong>52—66.</strong></span> <span class='ocrx_word' id='word_1_6' title='bbox 932 213 935 218; x_wconf 71' lang='grc'>,</span> 
     </span>
    </p>
   </div>
   <div class='ocr_carea' id='block_1_2' title="bbox 165 321 1253 2599">
    <p class='ocr_par' dir='ltr' id='par_1_2' title="bbox 218 321 1251 653">
     <span class='ocr_line' id='line_1_2' title="bbox 282 321 1186 399; baseline -0.001 -17"><span class='ocrx_word' id='word_1_7' title='bbox 282 321 329 382; x_wconf 79' lang='lat'><strong>52.</strong></span> <span class='ocrx_word' id='word_1_8' title='bbox 352 325 382 380; x_wconf 94' lang='lat' dir='ltr'><strong>ln</strong></span> <span class='ocrx_word' id='word_1_9' title='bbox 398 332 533 398; x_wconf 76' lang='lat' dir='ltr'><strong>potestate</strong></span> <span class='ocrx_word' id='word_1_10' title='bbox 548 326 641 398; x_wconf 88' lang='lat' dir='ltr'><strong>itaque</strong></span> <span class='ocrx_word' id='word_1_11' title='bbox 656 333 722 380; x_wconf 90' lang='lat' dir='ltr'><strong>sunt</strong></span> <span class='ocrx_word' id='word_1_12' title='bbox 735 326 809 380; x_wconf 89' lang='lat' dir='ltr'><strong>serui</strong></span> <span class='ocrx_word' id='word_1_13' title='bbox 824 323 1006 380; x_wconf 92' lang='lat' dir='ltr'><strong>dominorum.</strong></span> <span class='ocrx_word' id='word_1_14' title='bbox 1042 341 1111 398; x_wconf 89' lang='lat' dir='ltr'><strong>quae</strong></span> <span class='ocrx_word' id='word_1_15' title='bbox 1126 327 1186 399; x_wconf 85' lang='lat' dir='ltr'><strong>qui·</strong></span> 
     </span>
     <span class='ocr_line' id='line_1_3' title="bbox 218 405 1251 483; baseline -0.006 -17"><span class='ocrx_word' id='word_1_16' title='bbox 218 411 279 468; x_wconf 92' lang='lat' dir='ltr'><strong>dem</strong></span> <span class='ocrx_word' id='word_1_17' title='bbox 295 419 418 483; x_wconf 90' lang='lat' dir='ltr'><strong>potestas</strong></span> <span class='ocrx_word' id='word_1_18' title='bbox 439 411 506 466; x_wconf 91' lang='lat' dir='ltr'><strong>iuris</strong></span> <span class='ocrx_word' id='word_1_19' title='bbox 529 411 653 483; x_wconf 79' lang='lat' dir='ltr'><strong>gentium</strong></span> <span class='ocrx_word' id='word_1_20' title='bbox 675 417 732 465; x_wconf 90' lang='lat' dir='ltr'><strong>est:</strong></span> <span class='ocrx_word' id='word_1_21' title='bbox 755 425 817 464; x_wconf 84' lang='lat' dir='ltr'><strong>nam</strong></span> <span class='ocrx_word' id='word_1_22' title='bbox 839 411 913 481; x_wconf 86' lang='lat' dir='ltr'><strong>apud</strong></span> <span class='ocrx_word' id='word_1_23' title='bbox 932 424 1028 464; x_wconf 91' lang='lat' dir='ltr'><strong>omnes</strong></span> <span class='ocrx_word' id='word_1_24' title='bbox 1049 426 1185 483; x_wconf 86' lang='lat' dir='ltr'><strong>peraeque</strong></span> <span class='ocrx_word' id='word_1_25' title='bbox 1195 405 1251 460; x_wconf 78' lang='lat'>{11⁴1</span> 
     </span>
     <span class='ocr_line' id='line_1_4' title="bbox 218 494 1185 570; baseline -0.001 -19"><span class='ocrx_word' id='word_1_26' title='bbox 218 504 316 570; x_wconf 79' lang='lat' dir='ltr'><strong>gentes</strong></span> <span class='ocrx_word' id='word_1_27' title='bbox 328 494 543 550; x_wconf 87' lang='lat' dir='ltr'><strong>animaduertere</strong></span> <span class='ocrx_word' id='word_1_28' title='bbox 555 509 714 568; x_wconf 81' lang='lat' dir='ltr'><strong>possumus,</strong></span> <span class='ocrx_word' id='word_1_29' title='bbox 728 494 845 550; x_wconf 89' lang='lat' dir='ltr'><strong>dominis</strong></span> <span class='ocrx_word' id='word_1_30' title='bbox 859 494 888 548; x_wconf 88' lang='lat' dir='ltr'><strong>in</strong></span> <span class='ocrx_word' id='word_1_31' title='bbox 899 509 998 550; x_wconf 88' lang='lat' dir='ltr'><strong>seruos</strong></span> <span class='ocrx_word' id='word_1_32' title='bbox 1013 495 1087 550; x_wconf 91' lang='lat' dir='ltr'><strong>uitae</strong></span> <span class='ocrx_word' id='word_1_33' title='bbox 1098 497 1185 550; x_wconf 88' lang='lat' dir='ltr'><strong>necis·</strong></span> 
     </span>
     <span class='ocr_line' id='line_1_5' title="bbox 218 577 1184 653; baseline -0.002 -17"><span class='ocrx_word' id='word_1_34' title='bbox 218 595 271 653; x_wconf 88' lang='lat' dir='ltr'><strong>que</strong></span> <span class='ocrx_word' id='word_1_35' title='bbox 287 588 451 652; x_wconf 87' lang='lat' dir='ltr'><strong>potestatem</strong></span> <span class='ocrx_word' id='word_1_36' title='bbox 473 595 548 649; x_wconf 88' lang='lat' dir='ltr'><strong>esse,</strong></span> <span class='ocrx_word' id='word_1_37' title='bbox 568 588 597 635; x_wconf 90' lang='lat' dir='ltr'><strong>et</strong></span> <span class='ocrx_word' id='word_1_38' title='bbox 618 577 811 652; x_wconf 89' lang='lat' dir='ltr'><strong>quodcumque</strong></span> <span class='ocrx_word' id='word_1_39' title='bbox 831 595 881 651; x_wconf 86' lang='lat' dir='ltr'><strong>per</strong></span> <span class='ocrx_word' id='word_1_40' title='bbox 897 593 1007 634; x_wconf 91' lang='lat' dir='ltr'><strong>seruum</strong></span> <span class='ocrx_word' id='word_1_41' title='bbox 1022 578 1184 651; x_wconf 71' lang='lat' dir='ltr'><strong>adquiritur,</strong></span> 
     </span>
    </p>

    <p class='ocr_par' dir='ltr' id='par_1_3' title="bbox 169 658 1253 2257">
     <span class='ocr_line' id='line_1_6' title="bbox 169 658 1184 740; baseline -0.001 -20"><span class='ocrx_word' id='word_1_42' title='bbox 169 662 207 712; x_wconf 85' lang='lat'><strong>14.</strong></span> <span class='ocrx_word' id='word_1_43' title='bbox 217 665 244 720; x_wconf 94' lang='lat' dir='ltr'><strong>id</strong></span> <span class='ocrx_word' id='word_1_44' title='bbox 265 665 376 720; x_wconf 90' lang='lat' dir='ltr'><strong>domino</strong></span> <span class='ocrx_word' id='word_1_45' title='bbox 398 658 536 736; x_wconf 85' lang='lat' dir='ltr'><strong>&#39;adquiri.¹</strong></span> <span class='ocrx_word' id='word_1_46' title='bbox 561 659 627 720; x_wconf 62' lang='lat' dir='ltr'><strong>hd.</strong></span> <span class='ocrx_word' id='word_1_47' title='bbox 650 662 704 718; x_wconf 85' lang='lat' dir='ltr'><strong>Sed</strong></span> <span class='ocrx_word' id='word_1_48' title='bbox 726 661 779 719; x_wconf 89' lang='lat' dir='ltr'><strong>hoc</strong></span> <span class='ocrx_word' id='word_1_49' title='bbox 801 671 924 736; x_wconf 89' lang='lat' dir='ltr'><strong>tempore</strong></span> <span class='ocrx_word' id='word_1_50' title='bbox 944 679 1034 736; x_wconf 86' lang='lat' dir='ltr'><strong>neque</strong></span> <span class='ocrx_word' id='word_1_51' title='bbox 1056 659 1184 740; x_wconf 66' lang='lat' dir='ltr'><strong>ciuibus!</strong></span> 
     </span>
     <span class='ocr_line' id='line_1_7' title="bbox 216 746 1185 822; baseline 0 -18"><span class='ocrx_word' id='word_1_52' title='bbox 216 749 357 814; x_wconf 83' lang='lat' dir='ltr'><strong>Romanis,</strong></span> <span class='ocrx_word' id='word_1_53' title='bbox 380 764 430 804; x_wconf 90' lang='lat' dir='ltr'><strong>nec</strong></span> <span class='ocrx_word' id='word_1_54' title='bbox 452 747 514 804; x_wconf 88' lang='lat' dir='ltr'><strong>uilis</strong></span> <span class='ocrx_word' id='word_1_55' title='bbox 537 748 595 804; x_wconf 92' lang='lat' dir='ltr'><strong>aliis</strong></span> <span class='ocrx_word' id='word_1_56' title='bbox 618 746 788 811; x_wconf 82' lang='lat' dir='ltr'><strong>hominibus,</strong></span> <span class='ocrx_word' id='word_1_57' title='bbox 812 749 859 821; x_wconf 90' lang='lat' dir='ltr'><strong>qui</strong></span> <span class='ocrx_word' id='word_1_58' title='bbox 881 747 932 803; x_wconf 85' lang='lat' dir='ltr'><strong>suh</strong></span> <span class='ocrx_word' id='word_1_59' title='bbox 954 748 1068 821; x_wconf 85' lang='lat' dir='ltr'><strong>imperio</strong></span> <span class='ocrx_word' id='word_1_60' title='bbox 1089 748 1185 822; x_wconf 88' lang='lat' dir='ltr'><strong>popuii</strong></span> 
     </span>
     <span class='ocr_line' id='line_1_8' title="bbox 216 831 1185 906; baseline -0.002 -16"><span class='ocrx_word' id='word_1_61' title='bbox 216 833 327 890; x_wconf 82' lang='lat' dir='ltr'><strong>Romani</strong></span> <span class='ocrx_word' id='word_1_62' title='bbox 343 843 423 899; x_wconf 87' lang='lat' dir='ltr'><strong>sunt,</strong></span> <span class='ocrx_word' id='word_1_63' title='bbox 445 832 508 888; x_wconf 93' lang='lat' dir='ltr'><strong>licet</strong></span> <span class='ocrx_word' id='word_1_64' title='bbox 522 849 604 906; x_wconf 91' lang='lat' dir='ltr'><strong>supra</strong></span> <span class='ocrx_word' id='word_1_65' title='bbox 619 831 729 888; x_wconf 94' lang='lat' dir='ltr'><strong>modum</strong></span> <span class='ocrx_word' id='word_1_66' title='bbox 745 840 773 888; x_wconf 91' lang='lat' dir='ltr'><strong>et</strong></span> <span class='ocrx_word' id='word_1_67' title='bbox 787 833 846 887; x_wconf 90' lang='lat' dir='ltr'><strong>sine</strong></span> <span class='ocrx_word' id='word_1_68' title='bbox 861 849 941 888; x_wconf 89' lang='lat' dir='ltr'><strong>causa</strong></span> <span class='ocrx_word' id='word_1_69' title='bbox 955 833 985 888; x_wconf 89' lang='lat' dir='ltr'><strong>in</strong></span> <span class='ocrx_word' id='word_1_70' title='bbox 998 849 1096 889; x_wconf 90' lang='lat' dir='ltr'><strong>seruos</strong></span> <span class='ocrx_word' id='word_1_71' title='bbox 1118 850 1185 890; x_wconf 86' lang='lat' dir='ltr'><strong>suos</strong></span> 
     </span>
     <span class='ocr_line' id='line_1_9' title="bbox 217 910 1185 990; baseline 0 -18"><span class='ocrx_word' id='word_1_72' title='bbox 217 919 335 974; x_wconf 90' lang='lat' dir='ltr'><strong>saeuire:</strong></span> <span class='ocrx_word' id='word_1_73' title='bbox 359 933 420 973; x_wconf 86' lang='lat' dir='ltr'><strong>narn</strong></span> <span class='ocrx_word' id='word_1_74' title='bbox 442 933 475 972; x_wconf 81' lang='lat' dir='ltr'><strong>ea</strong></span> <span class='ocrx_word' id='word_1_75' title='bbox 497 916 704 972; x_wconf 89' lang='lat' dir='ltr'><strong>&#39;constitutione</strong></span> <span class='ocrx_word' id='word_1_76' title='bbox 725 910 922 972; x_wconf 80' lang='lat' dir='ltr'><strong>sacratissimi²</strong></span> <span class='ocrx_word' id='word_1_77' title='bbox 942 919 1115 990; x_wconf 88' lang='lat' dir='ltr'><strong>imperatoris</strong></span> <span class='ocrx_word' id='word_1_78' title='bbox 1130 921 1185 972; x_wconf 79' lang='lat' dir='ltr'><strong>An·</strong></span> 
     </span>
     <span class='ocr_line' id='line_1_10' title="bbox 216 1000 1186 1074; baseline -0.001 -16"><span class='ocrx_word' id='word_1_79' title='bbox 216 1003 303 1059; x_wconf 89' lang='lat' dir='ltr'><strong>tonini</strong></span> <span class='ocrx_word' id='word_1_80' title='bbox 319 1003 365 1074; x_wconf 93' lang='lat' dir='ltr'><strong>qui</strong></span> <span class='ocrx_word' id='word_1_81' title='bbox 380 1002 438 1057; x_wconf 85' lang='lat' dir='ltr'><strong>sine</strong></span> <span class='ocrx_word' id='word_1_82' title='bbox 453 1017 533 1058; x_wconf 87' lang='lat' dir='ltr'><strong>causa</strong></span> <span class='ocrx_word' id='word_1_83' title='bbox 548 1017 658 1058; x_wconf 87' lang='lat' dir='ltr'><strong>seruum</strong></span> <span class='ocrx_word' id='word_1_84' title='bbox 674 1017 755 1056; x_wconf 91' lang='lat' dir='ltr'><strong>suum</strong></span> <span class='ocrx_word' id='word_1_85' title='bbox 770 1000 910 1074; x_wconf 86' lang='lat' dir='ltr'><strong>occiderit,</strong></span> <span class='ocrx_word' id='word_1_86' title='bbox 924 1017 981 1057; x_wconf 88' lang='lat' dir='ltr'><strong>uon</strong></span> <span class='ocrx_word' id='word_1_87' title='bbox 996 1002 1084 1057; x_wconf 89' lang='lat' dir='ltr'><strong>miuus</strong></span> <span class='ocrx_word' id='word_1_88' title='bbox 1098 1003 1186 1058; x_wconf 88' lang='lat' dir='ltr'><strong>teneri</strong></span> 
     </span>
     <span class='ocr_line' id='line_1_11' title="bbox 216 1085 1186 1160; baseline 0.002 -19"><span class='ocrx_word' id='word_1_89' title='bbox 216 1086 336 1156; x_wconf 87' lang='lat' dir='ltr'><strong>iubetur,</strong></span> <span class='ocrx_word' id='word_1_90' title='bbox 350 1102 431 1160; x_wconf 89' lang='lat' dir='ltr'><strong>quam</strong></span> <span class='ocrx_word' id='word_1_91' title='bbox 444 1087 491 1159; x_wconf 90' lang='lat' dir='ltr'><strong>qui</strong></span> <span class='ocrx_word' id='word_1_92' title='bbox 503 1086 621 1143; x_wconf 84' lang='lat' dir='ltr'><strong>alienum</strong></span> <span class='ocrx_word' id='word_1_93' title='bbox 633 1102 744 1142; x_wconf 92' lang='lat' dir='ltr'><strong>seruum</strong></span> <span class='ocrx_word' id='word_1_94' title='bbox 756 1085 895 1142; x_wconf 87' lang='lat' dir='ltr'><strong>occiderit.</strong></span> <span class='ocrx_word' id='word_1_95' title='bbox 916 1085 965 1141; x_wconf 89' lang='lat' dir='ltr'><strong>sed</strong></span> <span class='ocrx_word' id='word_1_96' title='bbox 977 1095 1007 1142; x_wconf 91' lang='lat' dir='ltr'><strong>et</strong></span> <span class='ocrx_word' id='word_1_97' title='bbox 1017 1088 1104 1142; x_wconf 87' lang='lat' dir='ltr'><strong>maior</strong></span> <span class='ocrx_word' id='word_1_98' title='bbox 1115 1103 1186 1159; x_wconf 88' lang='lat' dir='ltr'><strong>quo·</strong></span> 
     </span>
     <span class='ocr_line' id='line_1_12' title="bbox 216 1170 1185 1244; baseline 0 -18"><span class='ocrx_word' id='word_1_99' title='bbox 216 1187 269 1243; x_wconf 89' lang='lat' dir='ltr'><strong>que</strong></span> <span class='ocrx_word' id='word_1_100' title='bbox 282 1173 413 1244; x_wconf 82' lang='lat' dir='ltr'><strong>asperitas</strong></span> <span class='ocrx_word' id='word_1_101' title='bbox 426 1170 600 1228; x_wconf 88' lang='lat' dir='ltr'><strong>dominorum</strong></span> <span class='ocrx_word' id='word_1_102' title='bbox 619 1188 667 1244; x_wconf 90' lang='lat' dir='ltr'><strong>per</strong></span> <span class='ocrx_word' id='word_1_103' title='bbox 680 1171 801 1226; x_wconf 86' lang='lat' dir='ltr'><strong>eiusdem</strong></span> <span class='ocrx_word' id='word_1_104' title='bbox 818 1172 947 1244; x_wconf 88' lang='lat' dir='ltr'><strong>principis</strong></span> <span class='ocrx_word' id='word_1_105' title='bbox 958 1172 1185 1228; x_wconf 88' lang='lat' dir='ltr'><strong>constitutionem</strong></span> 
     </span>
     <span class='ocr_line' id='line_1_13' title="bbox 215 1254 1186 1329; baseline 0 -19"><span class='ocrx_word' id='word_1_106' title='bbox 215 1265 370 1312; x_wconf 91' lang='lat' dir='ltr'><strong>coercetur:</strong></span> <span class='ocrx_word' id='word_1_107' title='bbox 395 1272 457 1310; x_wconf 92' lang='lat' dir='ltr'><strong>nam</strong></span> <span class='ocrx_word' id='word_1_108' title='bbox 479 1257 622 1313; x_wconf 89' lang='lat' dir='ltr'><strong>consultus</strong></span> <span class='ocrx_word' id='word_1_109' title='bbox 637 1273 652 1311; x_wconf 90' lang='lat' dir='ltr'><strong>a</strong></span> <span class='ocrx_word' id='word_1_110' title='bbox 670 1255 830 1329; x_wconf 85' lang='lat' dir='ltr'><strong>quibusdam</strong></span> <span class='ocrx_word' id='word_1_111' title='bbox 845 1254 1013 1329; x_wconf 81' lang='lat' dir='ltr'><strong>praesidibus</strong></span> <span class='ocrx_word' id='word_1_112' title='bbox 1029 1256 1186 1329; x_wconf 87' lang='lat' dir='ltr'><strong>prouincia·</strong></span> 
     </span>
     <span class='ocr_line' id='line_1_14' title="bbox 215 1339 1185 1413; baseline 0 -19"><span class='ocrx_word' id='word_1_113' title='bbox 215 1356 275 1394; x_wconf 92' lang='lat' dir='ltr'><strong>rum</strong></span> <span class='ocrx_word' id='word_1_114' title='bbox 290 1339 325 1396; x_wconf 92' lang='lat' dir='ltr'><strong>de</strong></span> <span class='ocrx_word' id='word_1_115' title='bbox 340 1339 382 1394; x_wconf 90' lang='lat' dir='ltr'><strong>his</strong></span> <span class='ocrx_word' id='word_1_116' title='bbox 397 1342 496 1411; x_wconf 87' lang='lat' dir='ltr'><strong>seruis,</strong></span> <span class='ocrx_word' id='word_1_117' title='bbox 512 1343 558 1413; x_wconf 89' lang='lat' dir='ltr'><strong>qui</strong></span> <span class='ocrx_word' id='word_1_118' title='bbox 571 1340 604 1396; x_wconf 92' lang='lat' dir='ltr'><strong>ad</strong></span> <span class='ocrx_word' id='word_1_119' title='bbox 617 1340 678 1395; x_wconf 86' lang='lat' dir='ltr'><strong>iana</strong></span> <span class='ocrx_word' id='word_1_120' title='bbox 688 1340 803 1396; x_wconf 90' lang='lat' dir='ltr'><strong>deorum</strong></span> <span class='ocrx_word' id='word_1_121' title='bbox 813 1339 857 1396; x_wconf 90' lang='lat' dir='ltr'><strong>uei</strong></span> <span class='ocrx_word' id='word_1_122' title='bbox 868 1340 901 1394; x_wconf 91' lang='lat' dir='ltr'><strong>ad</strong></span> <span class='ocrx_word' id='word_1_123' title='bbox 912 1348 1017 1395; x_wconf 86' lang='lat' dir='ltr'><strong>statuas</strong></span> <span class='ocrx_word' id='word_1_124' title='bbox 1028 1341 1185 1412; x_wconf 82' lang='lat' dir='ltr'><strong>principum</strong></span> 
     </span>
     <span class='ocr_line' id='line_1_15' title="bbox 215 1422 1186 1497; baseline -0.001 -17"><span class='ocrx_word' id='word_1_125' title='bbox 215 1423 388 1496; x_wconf 76' lang='lat' dir='ltr'><strong>confugiunt,</strong></span> <span class='ocrx_word' id='word_1_126' title='bbox 410 1425 560 1497; x_wconf 79' lang='lat' dir='ltr'><strong>praecepit,</strong></span> <span class='ocrx_word' id='word_1_127' title='bbox 582 1433 613 1480; x_wconf 87' lang='lat' dir='ltr'><strong>ut</strong></span> <span class='ocrx_word' id='word_1_128' title='bbox 629 1426 653 1480; x_wconf 91' lang='lat' dir='ltr'><strong>si</strong></span> <span class='ocrx_word' id='word_1_129' title='bbox 673 1422 851 1479; x_wconf 84' lang='lat' dir='ltr'><strong>intolerabilis</strong></span> <span class='ocrx_word' id='word_1_130' title='bbox 868 1423 994 1479; x_wconf 89' lang='lat' dir='ltr'><strong>uideatur</strong></span> <span class='ocrx_word' id='word_1_131' title='bbox 1008 1423 1186 1480; x_wconf 93' lang='lat' dir='ltr'><strong>dominorum</strong></span> 
     </span>
     <span class='ocr_line' id='line_1_16' title="bbox 215 1507 1188 1580; baseline 0 -18"><span class='ocrx_word' id='word_1_132' title='bbox 215 1509 339 1580; x_wconf 87' lang='lat' dir='ltr'><strong>saeuitia,</strong></span> <span class='ocrx_word' id='word_1_133' title='bbox 354 1515 488 1580; x_wconf 81' lang='lat' dir='ltr'><strong>cogantur</strong></span> <span class='ocrx_word' id='word_1_134' title='bbox 502 1525 600 1564; x_wconf 86' lang='lat' dir='ltr'><strong>seruos</strong></span> <span class='ocrx_word' id='word_1_135' title='bbox 612 1525 679 1564; x_wconf 87' lang='lat' dir='ltr'><strong>suos</strong></span> <span class='ocrx_word' id='word_1_136' title='bbox 691 1507 821 1565; x_wconf 92' lang='lat' dir='ltr'><strong>uendere.</strong></span> <span class='ocrx_word' id='word_1_137' title='bbox 846 1516 875 1564; x_wconf 91' lang='lat' dir='ltr'><strong>et</strong></span> <span class='ocrx_word' id='word_1_138' title='bbox 887 1516 1033 1580; x_wconf 85' lang='lat' dir='ltr'><strong>utrumque</strong></span> <span class='ocrx_word' id='word_1_139' title='bbox 1046 1515 1122 1564; x_wconf 88' lang='lat' dir='ltr'><strong>recte</strong></span> <span class='ocrx_word' id='word_1_140' title='bbox 1137 1507 1188 1562; x_wconf 83' lang='lat' dir='ltr'><strong>tit:</strong></span> 
     </span>
     <span class='ocr_line' id='line_1_17' title="bbox 214 1591 1252 1664; baseline 0.001 -17"><span class='ocrx_word' id='word_1_141' title='bbox 214 1591 283 1648; x_wconf 87' lang='lat' dir='ltr'><strong>maie</strong></span> <span class='ocrx_word' id='word_1_142' title='bbox 299 1593 369 1647; x_wconf 89' lang='lat' dir='ltr'><strong>enim</strong></span> <span class='ocrx_word' id='word_1_143' title='bbox 384 1601 480 1648; x_wconf 83' lang='lat' dir='ltr'><strong>nostro</strong></span> <span class='ocrx_word' id='word_1_144' title='bbox 501 1594 561 1648; x_wconf 90' lang='lat' dir='ltr'><strong>iure</strong></span> <span class='ocrx_word' id='word_1_145' title='bbox 577 1594 617 1649; x_wconf 92' lang='lat' dir='ltr'><strong>uti</strong></span> <span class='ocrx_word' id='word_1_146' title='bbox 632 1610 688 1648; x_wconf 88' lang='lat' dir='ltr'><strong>non</strong></span> <span class='ocrx_word' id='word_1_147' title='bbox 707 1591 853 1659; x_wconf 80' lang='lat' dir='ltr'><strong>debemus3</strong></span> <span class='ocrx_word' id='word_1_148' title='bbox 875 1607 929 1663; x_wconf 88' lang='lat' dir='ltr'><strong>qua</strong></span> <span class='ocrx_word' id='word_1_149' title='bbox 950 1591 1055 1647; x_wconf 87' lang='lat' dir='ltr'><strong>ratione</strong></span> <span class='ocrx_word' id='word_1_150' title='bbox 1070 1600 1099 1646; x_wconf 92' lang='lat' dir='ltr'><strong>et</strong></span> <span class='ocrx_word' id='word_1_151' title='bbox 1119 1608 1189 1664; x_wconf 92' lang='lat' dir='ltr'><strong>pro·</strong></span> <span class='ocrx_word' id='word_1_152' title='bbox 1251 1606 1252 1661; x_wconf 51' lang='grc' dir='ltr'>ζ</span> 
     </span>
     <span class='ocr_line' id='line_1_18' title="bbox 215 1671 1252 1750; baseline 0.001 -19"><span class='ocrx_word' id='word_1_153' title='bbox 215 1676 285 1750; x_wconf 72' lang='lat' dir='ltr'><strong>digis</strong></span> <span class='ocrx_word' id='word_1_154' title='bbox 311 1675 483 1732; x_wconf 82' lang='lat' dir='ltr'><strong>interdicitur</strong></span> <span class='ocrx_word' id='word_1_155' title='bbox 503 1676 636 1734; x_wconf 89' lang='lat' dir='ltr'><strong>bonorum</strong></span> <span class='ocrx_word' id='word_1_156' title='bbox 665 1693 777 1732; x_wconf 90' lang='lat' dir='ltr'><strong>suorum</strong></span> <span class='ocrx_word' id='word_1_157' title='bbox 798 1675 1004 1733; x_wconf 88' lang='lat' dir='ltr'><strong>administratio.</strong></span> <span class='ocrx_word' id='word_1_158' title='bbox 1034 1671 1082 1732; x_wconf 70' lang='lat'><strong>54.</strong></span> <span class='ocrx_word' id='word_1_159' title='bbox 1103 1674 1187 1732; x_wconf 80' lang='lat' dir='ltr'><strong>dete·</strong></span> <span class='ocrx_word' id='word_1_160' title='bbox 1251 1694 1252 1699; x_wconf 49' lang='lat'>¹</span> 
     </span>
     <span class='ocr_line' id='line_1_19' title="bbox 214 1754 1252 1835; baseline 0.001 -19"><span class='ocrx_word' id='word_1_161' title='bbox 214 1777 275 1817; x_wconf 90' lang='lat' dir='ltr'><strong>rum</strong></span> <span class='ocrx_word' id='word_1_162' title='bbox 290 1776 351 1816; x_wconf 94' lang='lat' dir='ltr'><strong>cum</strong></span> <span class='ocrx_word' id='word_1_163' title='bbox 366 1763 440 1834; x_wconf 90' lang='lat' dir='ltr'><strong>apud</strong></span> <span class='ocrx_word' id='word_1_164' title='bbox 453 1762 527 1818; x_wconf 90' lang='lat' dir='ltr'><strong>ciues</strong></span> <span class='ocrx_word' id='word_1_165' title='bbox 541 1763 678 1818; x_wconf 82' lang='lat' dir='ltr'><strong>Romanos</strong></span> <span class='ocrx_word' id='word_1_166' title='bbox 698 1760 799 1834; x_wconf 79' lang='lat' dir='ltr'><strong>duplet</strong></span> <span class='ocrx_word' id='word_1_167' title='bbox 818 1762 855 1816; x_wconf 92' lang='lat' dir='ltr'><strong>sit</strong></span> <span class='ocrx_word' id='word_1_168' title='bbox 873 1759 1024 1816; x_wconf 90' lang='lat' dir='ltr'><strong>dominium</strong></span> <span class='ocrx_word' id='word_1_169' title='bbox 1045 1754 1122 1833; x_wconf 91' lang='lat' dir='ltr'><strong>(nam</strong></span> <span class='ocrx_word' id='word_1_170' title='bbox 1137 1761 1186 1817; x_wconf 88' lang='lat' dir='ltr'><strong>uel</strong></span> <span class='ocrx_word' id='word_1_171' title='bbox 1251 1780 1252 1835; x_wconf 73' lang='lat' dir='ltr'><strong>t</strong></span> 
     </span>
     <span class='ocr_line' id='line_1_20' title="bbox 214 1844 1253 1978; baseline 0 -78"><span class='ocrx_word' id='word_1_172' title='bbox 214 1847 241 1900; x_wconf 93' lang='lat' dir='ltr'><strong>in</strong></span> <span class='ocrx_word' id='word_1_173' title='bbox 257 1844 336 1900; x_wconf 87' lang='lat' dir='ltr'><strong>bonis</strong></span> <span class='ocrx_word' id='word_1_174' title='bbox 351 1844 396 1901; x_wconf 91' lang='lat' dir='ltr'><strong>uel</strong></span> <span class='ocrx_word' id='word_1_175' title='bbox 416 1863 449 1901; x_wconf 81' lang='lat' dir='ltr'><strong>er</strong></span> <span class='ocrx_word' id='word_1_176' title='bbox 468 1847 528 1901; x_wconf 90' lang='lat' dir='ltr'><strong>iure</strong></span> <span class='ocrx_word' id='word_1_177' title='bbox 544 1844 691 1914; x_wconf 84' lang='lat' dir='ltr'><strong>Quiritium</strong></span> <span class='ocrx_word' id='word_1_178' title='bbox 711 1845 757 1900; x_wconf 87' lang='lat' dir='ltr'><strong>uei</strong></span> <span class='ocrx_word' id='word_1_179' title='bbox 776 1861 809 1900; x_wconf 83' lang='lat' dir='ltr'><strong>ex</strong></span> <span class='ocrx_word' id='word_1_180' title='bbox 831 1853 949 1918; x_wconf 87' lang='lat' dir='ltr'><strong>utroque</strong></span> <span class='ocrx_word' id='word_1_181' title='bbox 970 1845 1028 1900; x_wconf 92' lang='lat' dir='ltr'><strong>iure</strong></span> <span class='ocrx_word' id='word_1_182' title='bbox 1050 1845 1185 1918; x_wconf 86' lang='lat' dir='ltr'><strong>cuiusque</strong></span> <span class='ocrx_word' id='word_1_183' title='bbox 1251 1862 1253 1978; x_wconf 69' lang='lat' dir='ltr'><strong>p</strong></span> 
     </span>
     <span class='ocr_line' id='line_1_21' title="bbox 214 1927 1184 2005; baseline 0.001 -20"><span class='ocrx_word' id='word_1_184' title='bbox 214 1946 312 1985; x_wconf 89' lang='lat' dir='ltr'><strong>seruus</strong></span> <span class='ocrx_word' id='word_1_185' title='bbox 328 1945 389 1986; x_wconf 85' lang='lat' dir='ltr'><strong>esse</strong></span> <span class='ocrx_word' id='word_1_186' title='bbox 407 1927 606 2005; x_wconf 80' lang='lat' dir='ltr'><strong>intellegitur),</strong></span> <span class='ocrx_word' id='word_1_187' title='bbox 627 1932 665 1986; x_wconf 88' lang='lat' dir='ltr'><strong>ita</strong></span> <span class='ocrx_word' id='word_1_188' title='bbox 685 1930 792 1985; x_wconf 90' lang='lat' dir='ltr'><strong>demum</strong></span> <span class='ocrx_word' id='word_1_189' title='bbox 807 1945 919 1984; x_wconf 90' lang='lat' dir='ltr'><strong>seruum</strong></span> <span class='ocrx_word' id='word_1_190' title='bbox 934 1928 964 1985; x_wconf 91' lang='lat' dir='ltr'><strong>in</strong></span> <span class='ocrx_word' id='word_1_191' title='bbox 979 1937 1118 2003; x_wconf 82' lang='lat' dir='ltr'><strong>potestate</strong></span> <span class='ocrx_word' id='word_1_192' title='bbox 1133 1929 1184 1986; x_wconf 91' lang='lat' dir='ltr'><strong>do·</strong></span> 
     </span>
     <span class='ocr_line' id='line_1_22' title="bbox 214 1980 1252 2100; baseline 0 -30"><span class='ocrx_word' id='word_1_193' title='bbox 214 2017 279 2070; x_wconf 90' lang='lat' dir='ltr'><strong>mini</strong></span> <span class='ocrx_word' id='word_1_194' title='bbox 294 2030 355 2071; x_wconf 89' lang='lat' dir='ltr'><strong>esse</strong></span> <span class='ocrx_word' id='word_1_195' title='bbox 370 2015 506 2087; x_wconf 86' lang='lat' dir='ltr'><strong>dicemus,</strong></span> <span class='ocrx_word' id='word_1_196' title='bbox 527 2018 551 2071; x_wconf 90' lang='lat' dir='ltr'><strong>si</strong></span> <span class='ocrx_word' id='word_1_197' title='bbox 572 2017 599 2071; x_wconf 91' lang='lat' dir='ltr'><strong>in</strong></span> <span class='ocrx_word' id='word_1_198' title='bbox 614 2016 694 2071; x_wconf 89' lang='lat' dir='ltr'><strong>bonis</strong></span> <span class='ocrx_word' id='word_1_199' title='bbox 708 2016 768 2071; x_wconf 89' lang='lat' dir='ltr'><strong>eius</strong></span> <span class='ocrx_word' id='word_1_200' title='bbox 783 2016 836 2085; x_wconf 88' lang='lat' dir='ltr'><strong>sit,</strong></span> <span class='ocrx_word' id='word_1_201' title='bbox 857 2015 961 2069; x_wconf 89' lang='lat' dir='ltr'><strong>etiamsi</strong></span> <span class='ocrx_word' id='word_1_202' title='bbox 976 2014 1058 2070; x_wconf 88' lang='lat' dir='ltr'><strong>simui</strong></span> <span class='ocrx_word' id='word_1_203' title='bbox 1073 2031 1106 2070; x_wconf 86' lang='lat' dir='ltr'><strong>er</strong></span> <span class='ocrx_word' id='word_1_204' title='bbox 1120 2017 1183 2071; x_wconf 92' lang='lat' dir='ltr'><strong>iure</strong></span> <span class='ocrx_word' id='word_1_205' title='bbox 1250 1980 1252 2100; x_wconf 64' lang='lat' dir='ltr'><strong>i</strong></span> 
     </span>
     <span class='ocr_line' id='line_1_23' title="bbox 214 2097 1251 2223; baseline 0.002 -69"><span class='ocrx_word' id='word_1_206' title='bbox 214 2099 358 2166; x_wconf 75' lang='lat' dir='ltr'><strong>Quiritium</strong></span> <span class='ocrx_word' id='word_1_207' title='bbox 379 2099 498 2157; x_wconf 87' lang='lat' dir='ltr'><strong>eiusdem</strong></span> <span class='ocrx_word' id='word_1_208' title='bbox 518 2116 573 2156; x_wconf 92' lang='lat' dir='ltr'><strong>non</strong></span> <span class='ocrx_word' id='word_1_209' title='bbox 594 2101 644 2155; x_wconf 88' lang='lat' dir='ltr'><strong>sit:</strong></span> <span class='ocrx_word' id='word_1_210' title='bbox 665 2116 727 2155; x_wconf 90' lang='lat' dir='ltr'><strong>nam</strong></span> <span class='ocrx_word' id='word_1_211' title='bbox 749 2099 795 2173; x_wconf 93' lang='lat' dir='ltr'><strong>qui</strong></span> <span class='ocrx_word' id='word_1_212' title='bbox 811 2098 913 2154; x_wconf 90' lang='lat' dir='ltr'><strong>nudum</strong></span> <span class='ocrx_word' id='word_1_213' title='bbox 935 2100 978 2155; x_wconf 87' lang='lat' dir='ltr'><strong>ius</strong></span> <span class='ocrx_word' id='word_1_214' title='bbox 993 2097 1138 2165; x_wconf 82' lang='lat' dir='ltr'><strong>Quiritium</strong></span> <span class='ocrx_word' id='word_1_215' title='bbox 1154 2101 1184 2156; x_wconf 91' lang='lat' dir='ltr'><strong>in</strong></span> <span class='ocrx_word' id='word_1_216' title='bbox 1249 2129 1251 2223; x_wconf 67' lang='lat' dir='ltr'><strong>p</strong></span> 
     </span>
     <span class='ocr_line' id='line_1_24' title="bbox 213 2182 999 2257; baseline 0 -18"><span class='ocrx_word' id='word_1_217' title='bbox 213 2200 294 2240; x_wconf 92' lang='lat' dir='ltr'><strong>seruo</strong></span> <span class='ocrx_word' id='word_1_218' title='bbox 311 2183 402 2255; x_wconf 88' lang='lat' dir='ltr'><strong>habet,</strong></span> <span class='ocrx_word' id='word_1_219' title='bbox 418 2186 441 2239; x_wconf 85' lang='lat' dir='ltr'><strong>is</strong></span> <span class='ocrx_word' id='word_1_220' title='bbox 457 2193 620 2257; x_wconf 91' lang='lat' dir='ltr'><strong>potestatem</strong></span> <span class='ocrx_word' id='word_1_221' title='bbox 636 2182 735 2239; x_wconf 91' lang='lat' dir='ltr'><strong>habere</strong></span> <span class='ocrx_word' id='word_1_222' title='bbox 751 2200 805 2239; x_wconf 90' lang='lat' dir='ltr'><strong>non</strong></span> <span class='ocrx_word' id='word_1_223' title='bbox 821 2182 999 2257; x_wconf 82' lang='lat' dir='ltr'><strong>intellegitur.</strong></span> 
     </span>
    </p>

    <p class='ocr_par' dir='ltr' id='par_1_4' title="bbox 212 2237 1250 2510">
     <span class='ocr_line' id='line_1_25' title="bbox 276 2237 1250 2344; baseline 0 -19"><span class='ocrx_word' id='word_1_224' title='bbox 276 2265 326 2339; x_wconf 49' lang='lat'><strong>55.¹</strong></span> <span class='ocrx_word' id='word_1_225' title='bbox 342 2268 409 2323; x_wconf 88' lang='lat' dir='ltr'><strong>Item</strong></span> <span class='ocrx_word' id='word_1_226' title='bbox 425 2268 452 2323; x_wconf 92' lang='lat' dir='ltr'><strong>in</strong></span> <span class='ocrx_word' id='word_1_227' title='bbox 468 2277 604 2341; x_wconf 86' lang='lat' dir='ltr'><strong>potestate</strong></span> <span class='ocrx_word' id='word_1_228' title='bbox 619 2277 713 2324; x_wconf 92' lang='lat' dir='ltr'><strong>nostra</strong></span> <span class='ocrx_word' id='word_1_229' title='bbox 728 2277 794 2324; x_wconf 90' lang='lat' dir='ltr'><strong>suut</strong></span> <span class='ocrx_word' id='word_1_230' title='bbox 808 2265 886 2323; x_wconf 90' lang='lat' dir='ltr'><strong>liberi</strong></span> <span class='ocrx_word' id='word_1_231' title='bbox 901 2269 999 2338; x_wconf 88' lang='lat' dir='ltr'><strong>nostri,</strong></span> <span class='ocrx_word' id='word_1_232' title='bbox 1015 2286 1085 2343; x_wconf 88' lang='lat' dir='ltr'><strong>quos</strong></span> <span class='ocrx_word' id='word_1_233' title='bbox 1100 2270 1182 2325; x_wconf 90' lang='lat' dir='ltr'><strong>iustis</strong></span> <span class='ocrx_word' id='word_1_234' title='bbox 1248 2237 1250 2344; x_wconf 70' lang='lat' dir='ltr'><strong>i</strong></span> 
     </span>
     <span class='ocr_line' id='line_1_26' title="bbox 214 2352 1249 2466; baseline 0.002 -59"><span class='ocrx_word' id='word_1_235' title='bbox 214 2354 316 2425; x_wconf 89' lang='lat' dir='ltr'><strong>nuptiis</strong></span> <span class='ocrx_word' id='word_1_236' title='bbox 331 2354 546 2425; x_wconf 87' lang='lat' dir='ltr'><strong>procreauimus.</strong></span> <span class='ocrx_word' id='word_1_237' title='bbox 577 2352 651 2425; x_wconf 91' lang='lat' dir='ltr'><strong>quod</strong></span> <span class='ocrx_word' id='word_1_238' title='bbox 667 2354 710 2407; x_wconf 93' lang='lat' dir='ltr'><strong>ius</strong></span> <span class='ocrx_word' id='word_1_239' title='bbox 726 2354 867 2425; x_wconf 90' lang='lat' dir='ltr'><strong>proprium</strong></span> <span class='ocrx_word' id='word_1_240' title='bbox 882 2353 981 2409; x_wconf 90' lang='lat' dir='ltr'><strong>ciuium</strong></span> <span class='ocrx_word' id='word_1_241' title='bbox 996 2353 1181 2409; x_wconf 87' lang='lat' dir='ltr'><strong>Romanorum</strong></span> <span class='ocrx_word' id='word_1_242' title='bbox 1247 2359 1249 2466; x_wconf 62' lang='lat' dir='ltr'><strong>p</strong></span> 
     </span>
     <span class='ocr_line' id='line_1_27' title="bbox 212 2435 1181 2510; baseline 0.003 -19"><span class='ocrx_word' id='word_1_243' title='bbox 212 2444 269 2491; x_wconf 89' lang='lat' dir='ltr'><strong>est:</strong></span> <span class='ocrx_word' id='word_1_244' title='bbox 292 2435 350 2491; x_wconf 87' lang='lat' dir='ltr'><strong>iere</strong></span> <span class='ocrx_word' id='word_1_245' title='bbox 365 2436 437 2491; x_wconf 92' lang='lat' dir='ltr'><strong>enim</strong></span> <span class='ocrx_word' id='word_1_246' title='bbox 453 2435 521 2491; x_wconf 90' lang='lat' dir='ltr'><strong>nulli</strong></span> <span class='ocrx_word' id='word_1_247' title='bbox 536 2435 580 2491; x_wconf 90' lang='lat' dir='ltr'><strong>alii</strong></span> <span class='ocrx_word' id='word_1_248' title='bbox 595 2446 661 2492; x_wconf 92' lang='lat' dir='ltr'><strong>sunt</strong></span> <span class='ocrx_word' id='word_1_249' title='bbox 676 2436 810 2506; x_wconf 86' lang='lat' dir='ltr'><strong>homines,</strong></span> <span class='ocrx_word' id='word_1_250' title='bbox 826 2438 873 2510; x_wconf 94' lang='lat' dir='ltr'><strong>qui</strong></span> <span class='ocrx_word' id='word_1_251' title='bbox 889 2436 969 2493; x_wconf 83' lang='lat' dir='ltr'><strong>talem</strong></span> <span class='ocrx_word' id='word_1_252' title='bbox 984 2439 1013 2494; x_wconf 92' lang='lat' dir='ltr'><strong>in</strong></span> <span class='ocrx_word' id='word_1_253' title='bbox 1027 2436 1098 2493; x_wconf 87' lang='lat' dir='ltr'><strong>iiiios</strong></span> <span class='ocrx_word' id='word_1_254' title='bbox 1113 2455 1181 2494; x_wconf 90' lang='lat' dir='ltr'><strong>suos</strong></span> 
     </span>
    </p>

    <p class='ocr_par' dir='ltr' id='par_1_5' title="bbox 165 2497 1248 2599">
     <span class='ocr_line' id='line_1_28' title="bbox 165 2497 1248 2599; baseline 0.001 -23"><span class='ocrx_word' id='word_1_255' title='bbox 165 2532 204 2580; x_wconf 78' lang='lat'><strong>15.</strong></span> <span class='ocrx_word' id='word_1_256' title='bbox 213 2518 313 2575; x_wconf 87' lang='lat' dir='ltr'><strong>habent</strong></span> <span class='ocrx_word' id='word_1_257' title='bbox 329 2527 503 2592; x_wconf 87' lang='lat' dir='ltr'><strong>potestatem,</strong></span> <span class='ocrx_word' id='word_1_258' title='bbox 518 2520 626 2594; x_wconf 84' lang='lat' dir='ltr'><strong>qualem</strong></span> <span class='ocrx_word' id='word_1_259' title='bbox 642 2537 693 2576; x_wconf 91' lang='lat' dir='ltr'><strong>nos</strong></span> <span class='ocrx_word' id='word_1_260' title='bbox 709 2520 848 2577; x_wconf 88' lang='lat' dir='ltr'><strong>habemus.</strong></span> <span class='ocrx_word' id='word_1_261' title='bbox 871 2521 953 2594; x_wconf 90' lang='lat' dir='ltr'><strong>idque</strong></span> <span class='ocrx_word' id='word_1_262' title='bbox 965 2522 1049 2579; x_wconf 83' lang='lat' dir='ltr'><strong>diuus</strong></span> <span class='ocrx_word' id='word_1_263' title='bbox 1062 2519 1180 2599; x_wconf 67' lang='lat' dir='ltr'><strong>Haidria-</strong></span> <span class='ocrx_word' id='word_1_264' title='bbox 1246 2497 1248 2588; x_wconf 75' lang='lat' dir='ltr'><strong>i</strong></span> 
     </span>
    </p>
   </div>
   <div class='ocr_carea' id='block_1_3' title="bbox 210 2627 1247 3108">
    <p class='ocr_par' dir='ltr' id='par_1_6' title="bbox 210 2627 1247 3108">
     <span class='ocr_line' id='line_1_29' title="bbox 286 2627 1247 2758; baseline 0.006 -19"><span class='ocrx_word' id='word_1_265' title='bbox 286 2686 306 2755; x_wconf 83' lang='lat' dir='ltr'><strong>l)</strong></span> <span class='ocrx_word' id='word_1_266' title='bbox 321 2690 456 2755; x_wconf 87' lang='lat' dir='ltr'><strong>adquiritur</strong></span> <span class='ocrx_word' id='word_1_267' title='bbox 467 2689 492 2739; x_wconf 83' lang='lat' dir='ltr'><strong>C.</strong></span> <span class='ocrx_word' id='word_1_268' title='bbox 504 2690 562 2740; x_wconf 86' lang='lat' dir='ltr'><strong>edd.</strong></span> <span class='ocrx_word' id='word_1_269' title='bbox 581 2688 635 2739; x_wconf 85' lang='lat' dir='ltr'><strong>Sed</strong></span> <span class='ocrx_word' id='word_1_270' title='bbox 643 2691 771 2739; x_wconf 78' lang='lat' dir='ltr'><strong>sententia</strong></span> <span class='ocrx_word' id='word_1_271' title='bbox 785 2698 810 2740; x_wconf 83' lang='lat' dir='ltr'><strong>et</strong></span> <span class='ocrx_word' id='word_1_272' title='bbox 823 2707 867 2741; x_wconf 86' lang='lat' dir='ltr'><strong>res</strong></span> <span class='ocrx_word' id='word_1_273' title='bbox 880 2694 939 2756; x_wconf 78' lang='lat' dir='ltr'><strong>ipra</strong></span> <span class='ocrx_word' id='word_1_274' title='bbox 953 2691 1000 2757; x_wconf 80' lang='lat' dir='ltr'><strong>(cf.</strong></span> <span class='ocrx_word' id='word_1_275' title='bbox 1015 2706 1036 2751; x_wconf 86' lang='lat'><strong>1,</strong></span> <span class='ocrx_word' id='word_1_276' title='bbox 1046 2703 1081 2744; x_wconf 76' lang='lat' dir='ltr'><strong>ot.</strong></span> <span class='ocrx_word' id='word_1_277' title='bbox 1095 2704 1117 2755; x_wconf 78' lang='lat'><strong>2,</strong></span> <span class='ocrx_word' id='word_1_278' title='bbox 1131 2692 1179 2758; x_wconf 80' lang='lat'><strong>88.)</strong></span> <span class='ocrx_word' id='word_1_279' title='bbox 1245 2627 1247 2710; x_wconf 58' lang='lat' dir='ltr'><strong>i</strong></span> 
     </span>
     <span class='ocr_line' id='line_1_30' title="bbox 212 2749 1246 2832; baseline 0.003 -22"><span class='ocrx_word' id='word_1_280' title='bbox 212 2764 330 2827; x_wconf 71' lang='lat' dir='ltr'><strong>eaeipunt,</strong></span> <span class='ocrx_word' id='word_1_281' title='bbox 345 2769 372 2811; x_wconf 81' lang='lat' dir='ltr'><strong>ui</strong></span> <span class='ocrx_word' id='word_1_282' title='bbox 386 2778 443 2812; x_wconf 87' lang='lat' dir='ltr'><strong>eum</strong></span> <span class='ocrx_word' id='word_1_283' title='bbox 452 2760 609 2811; x_wconf 85' lang='lat' dir='ltr'><strong>Haioondro</strong></span> <span class='ocrx_word' id='word_1_284' title='bbox 619 2760 666 2828; x_wconf 87' lang='lat' dir='ltr'><strong>(ad</strong></span> <span class='ocrx_word' id='word_1_285' title='bbox 674 2762 735 2826; x_wconf 67' lang='lat' dir='ltr'><strong>trip.</strong></span> <span class='ocrx_word' id='word_1_286' title='bbox 746 2764 764 2812; x_wconf 89' lang='lat' dir='ltr'><strong>i.</strong></span> <span class='ocrx_word' id='word_1_287' title='bbox 774 2760 808 2827; x_wconf 89' lang='lat' dir='ltr'><strong>e.)</strong></span> <span class='ocrx_word' id='word_1_288' title='bbox 818 2764 933 2828; x_wconf 75' lang='lat' dir='ltr'><strong>iepamus</strong></span> <span class='ocrx_word' id='word_1_289' title='bbox 942 2764 1044 2829; x_wconf 86' lang='lat' dir='ltr'><strong>adquiri.</strong></span> <span class='ocrx_word' id='word_1_290' title='bbox 1083 2759 1105 2830; x_wconf 79' lang='lat'><strong>²)</strong></span> <span class='ocrx_word' id='word_1_291' title='bbox 1120 2779 1180 2813; x_wconf 92' lang='lat' dir='ltr'><strong>con·</strong></span> <span class='ocrx_word' id='word_1_292' title='bbox 1244 2749 1246 2832; x_wconf 67' lang='lat' dir='ltr'><strong>i</strong></span> 
     </span>
     <span class='ocr_line' id='line_1_31' title="bbox 212 2832 1180 2898; baseline 0.002 -17"><span class='ocrx_word' id='word_1_293' title='bbox 212 2834 348 2882; x_wconf 90' lang='lat' dir='ltr'><strong>stitutiones</strong></span> <span class='ocrx_word' id='word_1_294' title='bbox 365 2832 390 2882; x_wconf 83' lang='lat'><strong>0.</strong></span> <span class='ocrx_word' id='word_1_295' title='bbox 420 2834 448 2882; x_wconf 81' lang='lat' dir='ltr'><strong>io</strong></span> <span class='ocrx_word' id='word_1_296' title='bbox 462 2848 512 2897; x_wconf 83' lang='lat' dir='ltr'><strong>quo</strong></span> <span class='ocrx_word' id='word_1_297' title='bbox 526 2832 634 2882; x_wconf 79' lang='lat' dir='ltr'><strong>Studms</strong></span> <span class='ocrx_word' id='word_1_298' title='bbox 648 2848 740 2898; x_wconf 63' lang='lat' dir='ltr'><strong>apogr.</strong></span> <span class='ocrx_word' id='word_1_299' title='bbox 750 2849 779 2896; x_wconf 85' lang='lat' dir='ltr'><strong>p.</strong></span> <span class='ocrx_word' id='word_1_300' title='bbox 790 2845 837 2884; x_wconf 78' lang='lat' dir='ltr'><strong>aco.</strong></span> <span class='ocrx_word' id='word_1_301' title='bbox 857 2836 959 2884; x_wconf 84' lang='lat' dir='ltr'><strong>literam</strong></span> <span class='ocrx_word' id='word_1_302' title='bbox 973 2851 985 2884; x_wconf 91' lang='lat' dir='ltr'><strong>s</strong></span> <span class='ocrx_word' id='word_1_303' title='bbox 999 2850 1069 2885; x_wconf 85' lang='lat' dir='ltr'><strong>mero</strong></span> <span class='ocrx_word' id='word_1_304' title='bbox 1084 2837 1180 2885; x_wconf 81' lang='grc' dir='ltr'><strong><em>οαῑαηιί</em></strong></span> 
     </span>
     <span class='ocr_line' id='line_1_32' title="bbox 212 2877 1245 2972; baseline 0.002 -20"><span class='ocrx_word' id='word_1_305' title='bbox 212 2906 299 2968; x_wconf 82' lang='lat' dir='ltr'><strong>lapsui</strong></span> <span class='ocrx_word' id='word_1_306' title='bbox 312 2902 411 2956; x_wconf 82' lang='lat' dir='ltr'><strong>tribuit.</strong></span> <span class='ocrx_word' id='word_1_307' title='bbox 439 2902 492 2953; x_wconf 84' lang='lat' dir='ltr'><strong>Sed</strong></span> <span class='ocrx_word' id='word_1_308' title='bbox 505 2907 601 2954; x_wconf 80' lang='lat' dir='ltr'><strong>collata</strong></span> <span class='ocrx_word' id='word_1_309' title='bbox 616 2904 649 2952; x_wconf 86' lang='lat' dir='ltr'><strong>L.</strong></span> <span class='ocrx_word' id='word_1_310' title='bbox 663 2916 685 2955; x_wconf 84' lang='lat' dir='ltr'><strong>e.</strong></span> <span class='ocrx_word' id='word_1_311' title='bbox 704 2904 737 2953; x_wconf 87' lang='lat' dir='ltr'><strong>D.</strong></span> <span class='ocrx_word' id='word_1_312' title='bbox 752 2905 789 2953; x_wconf 85' lang='lat' dir='ltr'><strong>ad</strong></span> <span class='ocrx_word' id='word_1_313' title='bbox 801 2904 849 2954; x_wconf 85' lang='lat' dir='ltr'><strong>SC.</strong></span> <span class='ocrx_word' id='word_1_314' title='bbox 868 2905 973 2959; x_wconf 83' lang='lat' dir='ltr'><strong>Tertull.</strong></span> <span class='ocrx_word' id='word_1_315' title='bbox 989 2905 1034 2972; x_wconf 73' lang='lat' dir='ltr'><strong>(aa,</strong></span> <span class='ocrx_word' id='word_1_316' title='bbox 1050 2905 1086 2972; x_wconf 80' lang='lat'><strong>17)</strong></span> <span class='ocrx_word' id='word_1_317' title='bbox 1101 2908 1178 2955; x_wconf 84' lang='lat' dir='ltr'><strong>etiam</strong></span> <span class='ocrx_word' id='word_1_318' title='bbox 1243 2877 1245 2954; x_wconf 80' lang='lat' dir='ltr'><strong>i</strong></span> 
     </span>
     <span class='ocr_line' id='line_1_33' title="bbox 211 2973 1244 3078; baseline 0.004 -55"><span class='ocrx_word' id='word_1_319' title='bbox 211 2974 236 3024; x_wconf 76' lang='lat' dir='ltr'><strong>ti.</strong></span> <span class='ocrx_word' id='word_1_320' title='bbox 252 2978 282 3034; x_wconf 88' lang='lat' dir='ltr'><strong>l.,</strong></span> <span class='ocrx_word' id='word_1_321' title='bbox 300 2974 344 3023; x_wconf 82' lang='lat' dir='ltr'><strong>ubi</strong></span> <span class='ocrx_word' id='word_1_322' title='bbox 358 2973 440 3024; x_wconf 83' lang='lat' dir='ltr'><strong>Gaius</strong></span> <span class='ocrx_word' id='word_1_323' title='bbox 457 2977 500 3023; x_wconf 84' lang='lat' dir='ltr'><strong>sui</strong></span> <span class='ocrx_word' id='word_1_324' title='bbox 517 2977 683 3039; x_wconf 78' lang='lat' dir='ltr'><strong>imperatorie</strong></span> <span class='ocrx_word' id='word_1_325' title='bbox 697 2977 811 3039; x_wconf 82' lang='lat' dir='ltr'><strong>primum</strong></span> <span class='ocrx_word' id='word_1_326' title='bbox 829 2979 979 3028; x_wconf 82' lang='lat' dir='ltr'><strong>mentionem</strong></span> <span class='ocrx_word' id='word_1_327' title='bbox 994 2979 1076 3041; x_wconf 83' lang='lat' dir='ltr'><strong>facit,</strong></span> <span class='ocrx_word' id='word_1_328' title='bbox 1096 2993 1178 3027; x_wconf 90' lang='lat' dir='ltr'><strong>sacra·</strong></span> <span class='ocrx_word' id='word_1_329' title='bbox 1242 2979 1244 3078; x_wconf 60' lang='lat' dir='ltr'><strong>p</strong></span> 
     </span>
     <span class='ocr_line' id='line_1_34' title="bbox 210 3046 771 3108; baseline 0.004 -15"><span class='ocrx_word' id='word_1_330' title='bbox 210 3046 299 3093; x_wconf 88' lang='lat' dir='ltr'><strong>tissimi</strong></span> <span class='ocrx_word' id='word_1_331' title='bbox 314 3062 370 3094; x_wconf 87' lang='lat' dir='ltr'><strong>cum</strong></span> <span class='ocrx_word' id='word_1_332' title='bbox 380 3047 467 3108; x_wconf 84' lang='lat' dir='ltr'><strong>prior.</strong></span> <span class='ocrx_word' id='word_1_333' title='bbox 483 3046 540 3098; x_wconf 86' lang='lat' dir='ltr'><strong>edd.</strong></span> <span class='ocrx_word' id='word_1_334' title='bbox 556 3046 670 3095; x_wconf 84' lang='lat' dir='ltr'><strong>retinere</strong></span> <span class='ocrx_word' id='word_1_335' title='bbox 685 3048 771 3096; x_wconf 82' lang='lat' dir='ltr'><strong>malui.</strong></span> 
     </span>
    </p>
   </div>
   <div class='ocr_carea' id='block_1_4' title="bbox 209 3183 1242 3611">
    <p class='ocr_par' dir='ltr' id='par_1_7' title="bbox 209 3183 1242 3611">
     <span class='ocr_line' id='line_1_35' title="bbox 282 3183 1241 3257; baseline 0.005 -20"><span class='ocrx_word' id='word_1_336' title='bbox 282 3183 307 3257; x_wconf 63' lang='grc' dir='ltr'><strong>ξ.</strong></span> <span class='ocrx_word' id='word_1_337' title='bbox 319 3188 449 3237; x_wconf 78' lang='lat' dir='ltr'><em>52.=L.</em></span> <span class='ocrx_word' id='word_1_338' title='bbox 461 3200 480 3238; x_wconf 91' lang='lat'><strong>1.</strong></span> <span class='ocrx_word' id='word_1_339' title='bbox 496 3189 519 3250; x_wconf 70' lang='lat'><strong>§-</strong></span> <span class='ocrx_word' id='word_1_340' title='bbox 536 3201 556 3239; x_wconf 88' lang='lat'><strong>1.</strong></span> <span class='ocrx_word' id='word_1_341' title='bbox 575 3188 607 3236; x_wconf 84' lang='lat' dir='ltr'><strong>D.</strong></span> <span class='ocrx_word' id='word_1_342' title='bbox 619 3188 651 3237; x_wconf 89' lang='lat' dir='ltr'><strong>de</strong></span> <span class='ocrx_word' id='word_1_343' title='bbox 665 3188 706 3237; x_wconf 76' lang='lat' dir='ltr'><strong>Iria</strong></span> <span class='ocrx_word' id='word_1_344' title='bbox 721 3205 744 3253; x_wconf 86' lang='lat' dir='ltr'><strong>q.</strong></span> <span class='ocrx_word' id='word_1_345' title='bbox 758 3190 801 3238; x_wconf 85' lang='lat' dir='ltr'><strong>aui</strong></span> <span class='ocrx_word' id='word_1_346' title='bbox 815 3187 847 3253; x_wconf 91' lang='lat'><strong>(1,</strong></span> <span class='ocrx_word' id='word_1_347' title='bbox 857 3188 889 3253; x_wconf 83' lang='lat'><strong>6).</strong></span> <span class='ocrx_word' id='word_1_348' title='bbox 908 3192 931 3252; x_wconf 67' lang='grc'><strong>9.</strong></span> <span class='ocrx_word' id='word_1_349' title='bbox 947 3204 970 3256; x_wconf 54' lang='lat'><strong>12</strong></span> <span class='ocrx_word' id='word_1_350' title='bbox 987 3191 1010 3240; x_wconf 90' lang='lat' dir='ltr'><strong>I.</strong></span> <span class='ocrx_word' id='word_1_351' title='bbox 1025 3190 1081 3241; x_wconf 88' lang='lat' dir='ltr'><strong>eod.</strong></span> <span class='ocrx_word' id='word_1_352' title='bbox 1097 3189 1129 3255; x_wconf 90' lang='lat'><strong>(1,</strong></span> <span class='ocrx_word' id='word_1_353' title='bbox 1143 3189 1176 3255; x_wconf 80' lang='lat'><strong>8).</strong></span> <span class='ocrx_word' id='word_1_354' title='bbox 1240 3227 1241 3234; x_wconf 40' lang='lat'>1</span> 
     </span>
     <span class='ocr_line' id='line_1_36' title="bbox 211 3239 1242 3329; baseline 0 -20"><span class='ocrx_word' id='word_1_355' title='bbox 211 3255 236 3328; x_wconf 60' lang='grc' dir='ltr'><strong>ᾗ.</strong></span> <span class='ocrx_word' id='word_1_356' title='bbox 252 3262 294 3309; x_wconf 81' lang='lat'><strong>53.</strong></span> <span class='ocrx_word' id='word_1_357' title='bbox 311 3259 391 3309; x_wconf 87' lang='lat' dir='ltr'><strong>=L.</strong></span> <span class='ocrx_word' id='word_1_358' title='bbox 407 3272 427 3309; x_wconf 89' lang='lat'><strong>1.</strong></span> <span class='ocrx_word' id='word_1_359' title='bbox 443 3260 466 3319; x_wconf 60' lang='grc' dir='ltr'><strong>ὅ.</strong></span> <span class='ocrx_word' id='word_1_360' title='bbox 482 3271 503 3309; x_wconf 80' lang='lat' dir='ltr'><strong>a.</strong></span> <span class='ocrx_word' id='word_1_361' title='bbox 527 3260 559 3307; x_wconf 86' lang='lat' dir='ltr'><strong>D.</strong></span> <span class='ocrx_word' id='word_1_362' title='bbox 575 3260 599 3320; x_wconf 68' lang='lat'><strong>§-</strong></span> <span class='ocrx_word' id='word_1_363' title='bbox 614 3271 635 3309; x_wconf 79' lang='lat' dir='ltr'><strong>a.</strong></span> <span class='ocrx_word' id='word_1_364' title='bbox 660 3258 683 3307; x_wconf 91' lang='lat' dir='ltr'><strong>I.</strong></span> <span class='ocrx_word' id='word_1_365' title='bbox 697 3260 754 3308; x_wconf 86' lang='lat' dir='ltr'><strong>eod.</strong></span> <span class='ocrx_word' id='word_1_366' title='bbox 780 3259 818 3323; x_wconf 81' lang='lat' dir='ltr'><strong>Cf.</strong></span> <span class='ocrx_word' id='word_1_367' title='bbox 836 3260 925 3313; x_wconf 82' lang='lat' dir='ltr'><strong>Cotlat.</strong></span> <span class='ocrx_word' id='word_1_368' title='bbox 940 3274 961 3324; x_wconf 84' lang='lat' dir='ltr'><strong>a,</strong></span> <span class='ocrx_word' id='word_1_369' title='bbox 976 3275 996 3313; x_wconf 79' lang='lat' dir='ltr'><strong>a.</strong></span> <span class='ocrx_word' id='word_1_370' title='bbox 1011 3274 1032 3313; x_wconf 80' lang='lat' dir='ltr'><strong>a.</strong></span> <span class='ocrx_word' id='word_1_371' title='bbox 1056 3258 1176 3329; x_wconf 76' lang='lat' dir='ltr'><strong>prodigis]</strong></span> <span class='ocrx_word' id='word_1_372' title='bbox 1240 3239 1242 3322; x_wconf 74' lang='lat' dir='ltr'><strong>i</strong></span> 
     </span>
     <span class='ocr_line' id='line_1_37' title="bbox 212 3324 1241 3444; baseline 0.006 -64"><span class='ocrx_word' id='word_1_373' title='bbox 212 3330 251 3394; x_wconf 82' lang='lat' dir='ltr'><strong>Os.</strong></span> <span class='ocrx_word' id='word_1_374' title='bbox 267 3331 343 3379; x_wconf 81' lang='lat' dir='ltr'><strong>Paul.</strong></span> <span class='ocrx_word' id='word_1_375' title='bbox 359 3332 430 3388; x_wconf 58' lang='grc' dir='ltr'><strong>ω’.</strong></span> <span class='ocrx_word' id='word_1_376' title='bbox 445 3331 468 3391; x_wconf 69' lang='lat'><strong>5.</strong></span> <span class='ocrx_word' id='word_1_377' title='bbox 484 3342 504 3381; x_wconf 83' lang='lat' dir='ltr'><strong>r.</strong></span> <span class='ocrx_word' id='word_1_378' title='bbox 560 3327 585 3399; x_wconf 66' lang='grc' dir='ltr'><strong>ξ.</strong></span> <span class='ocrx_word' id='word_1_379' title='bbox 596 3330 639 3380; x_wconf 75' lang='lat'><strong>54.</strong></span> <span class='ocrx_word' id='word_1_380' title='bbox 657 3330 695 3393; x_wconf 82' lang='lat' dir='ltr'><strong>Cf.</strong></span> <span class='ocrx_word' id='word_1_381' title='bbox 710 3332 751 3392; x_wconf 62' lang='grc' dir='ltr'><strong>ξς.</strong></span> <span class='ocrx_word' id='word_1_382' title='bbox 761 3324 810 3381; x_wconf 73' lang='lat' dir='ltr'><strong>arb.</strong></span> <span class='ocrx_word' id='word_1_383' title='bbox 821 3343 855 3383; x_wconf 78' lang='lat' dir='ltr'><strong>as.</strong></span> <span class='ocrx_word' id='word_1_384' title='bbox 875 3334 949 3397; x_wconf 81' lang='lat' dir='ltr'><strong>infra</strong></span> <span class='ocrx_word' id='word_1_385' title='bbox 960 3346 981 3392; x_wconf 84' lang='lat' dir='ltr'><strong>s,</strong></span> <span class='ocrx_word' id='word_1_386' title='bbox 995 3345 1030 3384; x_wconf 77' lang='lat' dir='ltr'><strong>eo.</strong></span> <span class='ocrx_word' id='word_1_387' title='bbox 1043 3345 1078 3385; x_wconf 85' lang='lat' dir='ltr'><strong>ss.</strong></span> <span class='ocrx_word' id='word_1_388' title='bbox 1097 3345 1119 3390; x_wconf 87' lang='lat' dir='ltr'><strong>e,</strong></span> <span class='ocrx_word' id='word_1_389' title='bbox 1129 3344 1175 3385; x_wconf 82' lang='lat' dir='ltr'><strong>rer.</strong></span> <span class='ocrx_word' id='word_1_390' title='bbox 1239 3353 1241 3444; x_wconf 68' lang='lat' dir='ltr'><strong>p</strong></span> 
     </span>
     <span class='ocr_line' id='line_1_38' title="bbox 215 3398 1176 3470; baseline 0.002 -19"><span class='ocrx_word' id='word_1_391' title='bbox 215 3401 270 3465; x_wconf 84' lang='lat' dir='ltr'><strong>Uip.</strong></span> <span class='ocrx_word' id='word_1_392' title='bbox 286 3415 307 3461; x_wconf 85' lang='lat'><strong>1,</strong></span> <span class='ocrx_word' id='word_1_393' title='bbox 323 3414 356 3453; x_wconf 81' lang='lat' dir='ltr'><strong>to.</strong></span> <span class='ocrx_word' id='word_1_394' title='bbox 380 3400 511 3464; x_wconf 75' lang='lat' dir='ltr'><strong>Theopltr&#39;l.</strong></span> <span class='ocrx_word' id='word_1_395' title='bbox 528 3414 547 3459; x_wconf 91' lang='lat'><strong>1,</strong></span> <span class='ocrx_word' id='word_1_396' title='bbox 562 3414 582 3453; x_wconf 78' lang='lat' dir='ltr'><strong>o.</strong></span> <span class='ocrx_word' id='word_1_397' title='bbox 598 3402 621 3463; x_wconf 65' lang='grc' dir='ltr'><strong>ἓ.</strong></span> <span class='ocrx_word' id='word_1_398' title='bbox 636 3413 658 3451; x_wconf 82' lang='lat' dir='ltr'><strong>t.</strong></span> <span class='ocrx_word' id='word_1_399' title='bbox 727 3398 753 3470; x_wconf 59' lang='grc' dir='ltr'>ᾗ</span> <span class='ocrx_word' id='word_1_400' title='bbox 766 3404 895 3453; x_wconf 56' lang='lat' dir='ltr'><strong>boa-L.</strong></span> <span class='ocrx_word' id='word_1_401' title='bbox 906 3416 927 3455; x_wconf 81' lang='lat' dir='ltr'><strong>tt.</strong></span> <span class='ocrx_word' id='word_1_402' title='bbox 947 3404 979 3453; x_wconf 89' lang='lat' dir='ltr'><strong>D.</strong></span> <span class='ocrx_word' id='word_1_403' title='bbox 995 3404 1027 3453; x_wconf 88' lang='lat' dir='ltr'><strong>de</strong></span> <span class='ocrx_word' id='word_1_404' title='bbox 1040 3404 1082 3453; x_wconf 81' lang='lat' dir='ltr'><strong>itia</strong></span> <span class='ocrx_word' id='word_1_405' title='bbox 1096 3420 1120 3469; x_wconf 83' lang='lat' dir='ltr'><strong>q.</strong></span> <span class='ocrx_word' id='word_1_406' title='bbox 1134 3405 1176 3453; x_wconf 83' lang='lat' dir='ltr'><strong>sui</strong></span> 
     </span>
     <span class='ocr_line' id='line_1_39' title="bbox 210 3471 1174 3540; baseline 0.001 -17"><span class='ocrx_word' id='word_1_407' title='bbox 210 3489 233 3523; x_wconf 84' lang='grc' dir='ltr'><strong>υ.</strong></span> <span class='ocrx_word' id='word_1_408' title='bbox 248 3475 282 3521; x_wconf 84' lang='lat' dir='ltr'><strong>at.</strong></span> <span class='ocrx_word' id='word_1_409' title='bbox 297 3475 348 3522; x_wconf 77' lang='lat' dir='ltr'><strong>ior.</strong></span> <span class='ocrx_word' id='word_1_410' title='bbox 364 3471 396 3539; x_wconf 90' lang='lat'><strong>(1,</strong></span> <span class='ocrx_word' id='word_1_411' title='bbox 406 3472 437 3537; x_wconf 83' lang='lat' dir='ltr'><strong>o).</strong></span> <span class='ocrx_word' id='word_1_412' title='bbox 449 3488 493 3535; x_wconf 85' lang='lat' dir='ltr'><strong>pr.</strong></span> <span class='ocrx_word' id='word_1_413' title='bbox 504 3474 528 3535; x_wconf 68' lang='lat'><strong>§-</strong></span> <span class='ocrx_word' id='word_1_414' title='bbox 538 3484 559 3523; x_wconf 87' lang='lat' dir='ltr'><strong>tt.</strong></span> <span class='ocrx_word' id='word_1_415' title='bbox 579 3471 601 3520; x_wconf 93' lang='lat' dir='ltr'><strong>I.</strong></span> <span class='ocrx_word' id='word_1_416' title='bbox 617 3473 649 3521; x_wconf 88' lang='lat' dir='ltr'><strong>de</strong></span> <span class='ocrx_word' id='word_1_417' title='bbox 659 3480 731 3536; x_wconf 84' lang='lat' dir='ltr'><strong>patr.</strong></span> <span class='ocrx_word' id='word_1_418' title='bbox 737 3481 792 3536; x_wconf 84' lang='lat' dir='ltr'><strong>pot.</strong></span> <span class='ocrx_word' id='word_1_419' title='bbox 803 3475 834 3538; x_wconf 90' lang='lat'><strong>(1,</strong></span> <span class='ocrx_word' id='word_1_420' title='bbox 844 3473 877 3540; x_wconf 81' lang='lat'><strong>9).</strong></span> <span class='ocrx_word' id='word_1_421' title='bbox 897 3477 970 3539; x_wconf 70' lang='lat' dir='ltr'><strong>infra</strong></span> <span class='ocrx_word' id='word_1_422' title='bbox 982 3478 1006 3537; x_wconf 66' lang='grc' dir='ltr'><strong>ς.</strong></span> <span class='ocrx_word' id='word_1_423' title='bbox 1016 3487 1050 3527; x_wconf 78' lang='lat' dir='ltr'><strong>aa.</strong></span> <span class='ocrx_word' id='word_1_424' title='bbox 1066 3476 1174 3540; x_wconf 76' lang='lat' dir='ltr'><strong>Dionys.</strong></span> 
     </span>
     <span class='ocr_line' id='line_1_40' title="bbox 209 3539 840 3611; baseline -0.003 -14"><span class='ocrx_word' id='word_1_425' title='bbox 209 3555 230 3602; x_wconf 75' lang='lat' dir='ltr'><strong>t,</strong></span> <span class='ocrx_word' id='word_1_426' title='bbox 245 3555 279 3594; x_wconf 74' lang='lat' dir='ltr'><strong>at.</strong></span> <span class='ocrx_word' id='word_1_427' title='bbox 299 3539 448 3611; x_wconf 85' lang='lat' dir='ltr'><strong>Galatarum]</strong></span> <span class='ocrx_word' id='word_1_428' title='bbox 464 3545 499 3607; x_wconf 75' lang='lat' dir='ltr'><strong>cs.</strong></span> <span class='ocrx_word' id='word_1_429' title='bbox 516 3544 587 3595; x_wconf 79' lang='lat' dir='ltr'><strong>Gaea.</strong></span> <span class='ocrx_word' id='word_1_430' title='bbox 603 3544 635 3593; x_wconf 86' lang='lat' dir='ltr'><strong>de</strong></span> <span class='ocrx_word' id='word_1_431' title='bbox 649 3543 672 3593; x_wconf 82' lang='lat' dir='ltr'><strong>b.</strong></span> <span class='ocrx_word' id='word_1_432' title='bbox 690 3543 755 3593; x_wconf 75' lang='lat' dir='ltr'><strong>dati.</strong></span> <span class='ocrx_word' id='word_1_433' title='bbox 770 3557 792 3604; x_wconf 79' lang='lat' dir='ltr'><strong>a,</strong></span> <span class='ocrx_word' id='word_1_434' title='bbox 807 3558 840 3597; x_wconf 78' lang='lat'><strong>19.</strong></span> 
     </span>
    </p>
   </div>
   <div class='ocr_carea' id='block_1_5' title="bbox 0 0 1280 4000">
    <p class='ocr_par' dir='ltr' id='par_1_8' title="bbox 0 0 1280 4000">
     <span class='ocr_line' id='line_1_41' title="bbox 0 0 1280 4000; baseline 0 1"><span class='ocrx_word' id='word_1_435' title='bbox 0 0 1280 4000; x_wconf 95' lang='lat' dir='ltr'><strong> </strong></span> 
     </span>
    </p>
   </div>
  </div>
 </body>
</html>
