<?xml version="1.0" encoding="UTF-8"?>
<!DOCTYPE html PUBLIC "-//W3C//DTD XHTML 1.0 Transitional//EN"
    "http://www.w3.org/TR/xhtml1/DTD/xhtml1-transitional.dtd">
<html xmlns="http://www.w3.org/1999/xhtml" xml:lang="en" lang="en">
 <head>
  <title>
</title>
<meta http-equiv="Content-Type" content="text/html;charset=utf-8" />
  <meta name='ocr-system' content='tesseract 3.04.00' />
  <meta name='ocr-capabilities' content='ocr_page ocr_carea ocr_par ocr_line ocrx_word'/>
</head>
<body>
  <div class='ocr_page' id='page_1' title='image "./gaiiinstitution00kbgoog_0231.png"; bbox 0 0 2550 4000; ppageno 0'>
   <div class='ocr_carea' id='block_1_1' title="bbox 409 211 1079 280">
    <p class='ocr_par' dir='ltr' id='par_1_1' title="bbox 409 211 1079 280">
     <span class='ocr_line' id='line_1_1' title="bbox 409 211 1079 280; baseline 0.009 -14"><span class='ocrx_word' id='word_1_1' title='bbox 409 232 470 268; x_wconf 72' lang='lat' dir='ltr'><strong>cerr</strong></span> <span class='ocrx_word' id='word_1_2' title='bbox 489 232 590 271; x_wconf 75' lang='lat' dir='ltr'><strong>msam.</strong></span> <span class='ocrx_word' id='word_1_3' title='bbox 609 211 656 266; x_wconf 86' lang='lat' dir='ltr'><strong>lv.</strong></span> <span class='ocrx_word' id='word_1_4' title='bbox 676 217 785 271; x_wconf 79' lang='lat' dir='ltr'><strong>uo-ta.</strong></span> <span class='ocrx_word' id='word_1_5' title='bbox 1016 215 1079 280; x_wconf 78' lang='grc'><strong>371</strong></span> 
     </span>
    </p>
   </div>
   <div class='ocr_carea' id='block_1_2' title="bbox 36 365 1145 2819">
    <p class='ocr_par' dir='ltr' id='par_1_2' title="bbox 36 365 1145 2819">
     <span class='ocr_line' id='line_1_2' title="bbox 115 365 1079 449; baseline 0.001 -20"><span class='ocrx_word' id='word_1_6' title='bbox 115 376 240 449; x_wconf 92' lang='lat' dir='ltr'><strong>ponitur,</strong></span> <span class='ocrx_word' id='word_1_7' title='bbox 264 391 318 448; x_wconf 89' lang='lat' dir='ltr'><strong>quo</strong></span> <span class='ocrx_word' id='word_1_8' title='bbox 341 375 402 431; x_wconf 89' lang='lat' dir='ltr'><strong>loco</strong></span> <span class='ocrx_word' id='word_1_9' title='bbox 425 374 488 448; x_wconf 92' lang='lat' dir='ltr'><strong>plus</strong></span> <span class='ocrx_word' id='word_1_10' title='bbox 511 365 643 448; x_wconf 83' lang='lat' dir='ltr'><strong>peteudi¹</strong></span> <span class='ocrx_word' id='word_1_11' title='bbox 666 372 816 446; x_wconf 88' lang='lat' dir='ltr'><strong>perieulum</strong></span> <span class='ocrx_word' id='word_1_12' title='bbox 836 388 892 427; x_wconf 88' lang='lat' dir='ltr'><strong>non</strong></span> <span class='ocrx_word' id='word_1_13' title='bbox 914 374 1079 443; x_wconf 87' lang='lat' dir='ltr'><strong>interuenit;</strong></span> 
     </span>
     <span class='ocr_line' id='line_1_3' title="bbox 114 456 1079 533; baseline 0 -17"><span class='ocrx_word' id='word_1_14' title='bbox 114 461 209 533; x_wconf 84' lang='lat' dir='ltr'><strong>utique</strong></span> <span class='ocrx_word' id='word_1_15' title='bbox 231 457 365 516; x_wconf 90' lang='lat' dir='ltr'><strong>bonorum</strong></span> <span class='ocrx_word' id='word_1_16' title='bbox 386 467 509 533; x_wconf 80' lang='lat' dir='ltr'>emptore</span> <span class='ocrx_word' id='word_1_17' title='bbox 529 466 642 532; x_wconf 80' lang='lat' dir='ltr'>agente,</span> <span class='ocrx_word' id='word_1_18' title='bbox 667 458 714 530; x_wconf 91' lang='lat' dir='ltr'><strong>qui</strong></span> <span class='ocrx_word' id='word_1_19' title='bbox 737 457 800 513; x_wconf 88' lang='lat' dir='ltr'><strong>lieet</strong></span> <span class='ocrx_word' id='word_1_20' title='bbox 820 456 946 513; x_wconf 91' lang='lat' dir='ltr'><strong>decerta</strong></span> <span class='ocrx_word' id='word_1_21' title='bbox 966 461 1079 532; x_wconf 87' lang='lat' dir='ltr'><strong>pecunia</strong></span> 
     </span>
     <span class='ocr_line' id='line_1_4' title="bbox 113 542 818 618; baseline -0.003 -18"><span class='ocrx_word' id='word_1_22' title='bbox 113 553 190 618; x_wconf 82' lang='lat' dir='ltr'><strong>agat,</strong></span> <span class='ocrx_word' id='word_1_23' title='bbox 207 544 302 601; x_wconf 75' lang='lat' dir='ltr'>incerti</span> <span class='ocrx_word' id='word_1_24' title='bbox 317 553 407 600; x_wconf 88' lang='lat' dir='ltr'><strong>tamen</strong></span> <span class='ocrx_word' id='word_1_25' title='bbox 423 542 675 601; x_wconf 77' lang='lat' dir='ltr'><strong>condemnationem</strong></span> <span class='ocrx_word' id='word_1_26' title='bbox 690 543 818 615; x_wconf 76' lang='lat' dir='ltr'><strong>concipit.</strong></span> 
     </span>
     <span class='ocr_line' id='line_1_5' title="bbox 177 623 1079 702; baseline 0 -18"><span class='ocrx_word' id='word_1_27' title='bbox 177 623 227 685; x_wconf 80' lang='grc' dir='ltr'><strong>θθ.</strong></span> <span class='ocrx_word' id='word_1_28' title='bbox 251 627 316 696; x_wconf 81' lang='lat' dir='ltr'><strong>Quia</strong></span> <span class='ocrx_word' id='word_1_29' title='bbox 334 636 421 684; x_wconf 89' lang='lat' dir='ltr'><strong>tamen</strong></span> <span class='ocrx_word' id='word_1_30' title='bbox 436 629 561 702; x_wconf 89' lang='lat' dir='ltr'><strong>superius</strong></span> <span class='ocrx_word' id='word_1_31' title='bbox 576 628 741 684; x_wconf 90' lang='lat' dir='ltr'><strong>mentionem</strong></span> <span class='ocrx_word' id='word_1_32' title='bbox 757 625 899 682; x_wconf 80' lang='lat' dir='ltr'><strong>habuimus</strong></span> <span class='ocrx_word' id='word_1_33' title='bbox 914 626 947 682; x_wconf 93' lang='lat' dir='ltr'><strong>de</strong></span> <span class='ocrx_word' id='word_1_34' title='bbox 962 628 1079 702; x_wconf 86' lang='lat' dir='ltr'><strong>actione,</strong></span> 
     </span>
     <span class='ocr_line' id='line_1_6' title="bbox 113 705 1079 788; baseline -0.001 -19"><span class='ocrx_word' id='word_1_35' title='bbox 113 729 166 788; x_wconf 91' lang='lat' dir='ltr'><strong>qua</strong></span> <span class='ocrx_word' id='word_1_36' title='bbox 187 715 214 768; x_wconf 93' lang='lat' dir='ltr'><strong>in</strong></span> <span class='ocrx_word' id='word_1_37' title='bbox 235 713 372 788; x_wconf 88' lang='lat' dir='ltr'><strong>peculium</strong></span> <span class='ocrx_word' id='word_1_38' title='bbox 392 711 624 769; x_wconf 88' lang='lat' dir='ltr'><strong>filiorumlamilias</strong></span> <span class='ocrx_word' id='word_1_39' title='bbox 640 727 839 785; x_wconf 89' lang='lat' dir='ltr'><strong>seruorumque</strong></span> <span class='ocrx_word' id='word_1_40' title='bbox 859 705 988 786; x_wconf 79' lang='lat' dir='ltr'><strong>’agitur,²</strong></span> <span class='ocrx_word' id='word_1_41' title='bbox 1008 728 1079 786; x_wconf 89' lang='lat' dir='ltr'><strong>opus</strong></span> 
     </span>
     <span class='ocr_line' id='line_1_7' title="bbox 113 796 1079 870; baseline 0.001 -18"><span class='ocrx_word' id='word_1_42' title='bbox 113 806 166 870; x_wconf 85' lang='lat' dir='ltr'><strong>est,</strong></span> <span class='ocrx_word' id='word_1_43' title='bbox 188 805 218 854; x_wconf 90' lang='lat' dir='ltr'><strong>ut</strong></span> <span class='ocrx_word' id='word_1_44' title='bbox 237 797 270 854; x_wconf 91' lang='lat' dir='ltr'><strong>de</strong></span> <span class='ocrx_word' id='word_1_45' title='bbox 289 799 342 855; x_wconf 82' lang='lat' dir='ltr'><strong>Irae</strong></span> <span class='ocrx_word' id='word_1_46' title='bbox 357 799 463 854; x_wconf 86' lang='lat' dir='ltr'><strong>actione</strong></span> <span class='ocrx_word' id='word_1_47' title='bbox 480 806 507 852; x_wconf 87' lang='lat' dir='ltr'><strong>et</strong></span> <span class='ocrx_word' id='word_1_48' title='bbox 526 796 559 852; x_wconf 92' lang='lat' dir='ltr'><strong>de</strong></span> <span class='ocrx_word' id='word_1_49' title='bbox 575 798 684 869; x_wconf 87' lang='lat' dir='ltr'><strong>ceteris,</strong></span> <span class='ocrx_word' id='word_1_50' title='bbox 706 812 776 869; x_wconf 92' lang='lat' dir='ltr'><strong>quae</strong></span> <span class='ocrx_word' id='word_1_51' title='bbox 791 796 948 852; x_wconf 87' lang='lat' dir='ltr'><strong>eorumdem</strong></span> <span class='ocrx_word' id='word_1_52' title='bbox 968 798 1079 854; x_wconf 91' lang='lat' dir='ltr'><strong>nomine</strong></span> 
     </span>
     <span class='ocr_line' id='line_1_8' title="bbox 111 880 1076 957; baseline 0.001 -20"><span class='ocrx_word' id='word_1_53' title='bbox 111 884 139 938; x_wconf 92' lang='lat' dir='ltr'><strong>in</strong></span> <span class='ocrx_word' id='word_1_54' title='bbox 158 891 287 957; x_wconf 90' lang='lat' dir='ltr'><strong>parentes</strong></span> <span class='ocrx_word' id='word_1_55' title='bbox 308 882 469 939; x_wconf 87' lang='lat' dir='ltr'><strong>dominosue</strong></span> <span class='ocrx_word' id='word_1_56' title='bbox 488 880 545 937; x_wconf 89' lang='lat' dir='ltr'><strong>dari</strong></span> <span class='ocrx_word' id='word_1_57' title='bbox 567 881 674 954; x_wconf 81' lang='lat' dir='ltr'><strong>solent,</strong></span> <span class='ocrx_word' id='word_1_58' title='bbox 697 880 853 954; x_wconf 77' lang='lat' dir='ltr'><strong>diligentius</strong></span> <span class='ocrx_word' id='word_1_59' title='bbox 875 880 1076 938; x_wconf 87' lang='lat' dir='ltr'><strong>admoneamus.</strong></span> 
     </span>
     <span class='ocr_line' id='line_1_9' title="bbox 111 961 1077 1041; baseline 0 -18"><span class='ocrx_word' id='word_1_60' title='bbox 111 961 160 1024; x_wconf 85' lang='grc'><strong>70.</strong></span> <span class='ocrx_word' id='word_1_61' title='bbox 178 968 206 1023; x_wconf 93' lang='lat' dir='ltr'><strong>ln</strong></span> <span class='ocrx_word' id='word_1_62' title='bbox 223 969 316 1040; x_wconf 90' lang='lat' dir='ltr'><strong>primis</strong></span> <span class='ocrx_word' id='word_1_63' title='bbox 332 969 422 1041; x_wconf 91' lang='lat' dir='ltr'><strong>itaque</strong></span> <span class='ocrx_word' id='word_1_64' title='bbox 440 967 463 1022; x_wconf 89' lang='lat' dir='ltr'><strong>si</strong></span> <span class='ocrx_word' id='word_1_65' title='bbox 480 968 555 1022; x_wconf 92' lang='lat' dir='ltr'><strong>iussu</strong></span> <span class='ocrx_word' id='word_1_66' title='bbox 569 967 655 1040; x_wconf 88' lang='lat' dir='ltr'><strong>patris</strong></span> <span class='ocrx_word' id='word_1_67' title='bbox 666 965 804 1022; x_wconf 91' lang='lat' dir='ltr'><strong>dominlue</strong></span> <span class='ocrx_word' id='word_1_68' title='bbox 817 967 957 1040; x_wconf 79' lang='lat' dir='ltr'><strong>negotium</strong></span> <span class='ocrx_word' id='word_1_69' title='bbox 969 974 1077 1040; x_wconf 83' lang='lat' dir='ltr'><strong>gestum</strong></span> 
     </span>
     <span class='ocr_line' id='line_1_10' title="bbox 112 1049 1077 1125; baseline -0.002 -17"><span class='ocrx_word' id='word_1_70' title='bbox 112 1054 173 1124; x_wconf 91' lang='lat' dir='ltr'><strong>erit,</strong></span> <span class='ocrx_word' id='word_1_71' title='bbox 193 1052 353 1108; x_wconf 86' lang='lat' dir='ltr'><strong>insolidum</strong></span> <span class='ocrx_word' id='word_1_72' title='bbox 374 1061 485 1125; x_wconf 90' lang='lat' dir='ltr'><strong>praetor</strong></span> <span class='ocrx_word' id='word_1_73' title='bbox 500 1052 634 1107; x_wconf 87' lang='lat' dir='ltr'><strong>actionem</strong></span> <span class='ocrx_word' id='word_1_74' title='bbox 652 1052 680 1106; x_wconf 91' lang='lat' dir='ltr'><strong>in</strong></span> <span class='ocrx_word' id='word_1_75' title='bbox 701 1059 806 1123; x_wconf 88' lang='lat' dir='ltr'><strong>patrem</strong></span> <span class='ocrx_word' id='word_1_76' title='bbox 821 1049 995 1106; x_wconf 86' lang='lat' dir='ltr'><strong>domiuumue</strong></span> <span class='ocrx_word' id='word_1_77' title='bbox 1010 1067 1077 1108; x_wconf 91' lang='lat' dir='ltr'><strong>con·</strong></span> 
     </span>
     <span class='ocr_line' id='line_1_11' title="bbox 112 1135 1077 1210; baseline 0.001 -19"><span class='ocrx_word' id='word_1_78' title='bbox 112 1138 229 1210; x_wconf 86' lang='lat' dir='ltr'><strong>parauit:</strong></span> <span class='ocrx_word' id='word_1_79' title='bbox 252 1145 280 1192; x_wconf 85' lang='lat' dir='ltr'><strong>et</strong></span> <span class='ocrx_word' id='word_1_80' title='bbox 302 1146 393 1207; x_wconf 89' lang='lat' dir='ltr'><strong>reete,</strong></span> <span class='ocrx_word' id='word_1_81' title='bbox 417 1137 478 1210; x_wconf 90' lang='lat' dir='ltr'><strong>quia</strong></span> <span class='ocrx_word' id='word_1_82' title='bbox 500 1137 545 1208; x_wconf 90' lang='lat' dir='ltr'><strong>qui</strong></span> <span class='ocrx_word' id='word_1_83' title='bbox 565 1136 603 1190; x_wconf 90' lang='lat' dir='ltr'><strong>ita</strong></span> <span class='ocrx_word' id='word_1_84' title='bbox 618 1135 759 1209; x_wconf 79' lang='lat' dir='ltr'><strong>negotium</strong></span> <span class='ocrx_word' id='word_1_85' title='bbox 779 1137 862 1209; x_wconf 77' lang='lat' dir='ltr'><strong>gerit,</strong></span> <span class='ocrx_word' id='word_1_86' title='bbox 885 1136 969 1209; x_wconf 77' lang='lat' dir='ltr'><strong>magis</strong></span> <span class='ocrx_word' id='word_1_87' title='bbox 990 1137 1077 1208; x_wconf 90' lang='lat' dir='ltr'><strong>patris</strong></span> 
     </span>
     <span class='ocr_line' id='line_1_12' title="bbox 110 1215 1075 1294; baseline -0.001 -18"><span class='ocrx_word' id='word_1_88' title='bbox 110 1222 246 1277; x_wconf 87' lang='lat' dir='ltr'><strong>dominlue</strong></span> <span class='ocrx_word' id='word_1_89' title='bbox 269 1237 349 1294; x_wconf 89' lang='lat' dir='ltr'><strong>quam</strong></span> <span class='ocrx_word' id='word_1_90' title='bbox 372 1219 418 1276; x_wconf 88' lang='lat' dir='ltr'><strong>lilii</strong></span> <span class='ocrx_word' id='word_1_91' title='bbox 439 1220 547 1276; x_wconf 89' lang='lat' dir='ltr'><strong>seruiue</strong></span> <span class='ocrx_word' id='word_1_92' title='bbox 568 1217 649 1275; x_wconf 85' lang='lat' dir='ltr'><strong>fidem</strong></span> <span class='ocrx_word' id='word_1_93' title='bbox 669 1221 805 1293; x_wconf 91' lang='lat' dir='ltr'><strong>sequitur.</strong></span> <span class='ocrx_word' id='word_1_94' title='bbox 848 1215 891 1280; x_wconf 85' lang='grc'><strong>71.</strong></span> <span class='ocrx_word' id='word_1_95' title='bbox 913 1218 1011 1275; x_wconf 83' lang='lat' dir='ltr'><strong>Eadem</strong></span> <span class='ocrx_word' id='word_1_96' title='bbox 1034 1236 1075 1275; x_wconf 92' lang='lat' dir='ltr'><strong>ra·</strong></span> 
     </span>
     <span class='ocr_line' id='line_1_13' title="bbox 111 1300 1145 1384; baseline 0.004 -23"><span class='ocrx_word' id='word_1_97' title='bbox 111 1307 184 1361; x_wconf 92' lang='lat' dir='ltr'><strong>tione</strong></span> <span class='ocrx_word' id='word_1_98' title='bbox 201 1300 204 1384; x_wconf 72' lang='lat' dir='ltr'><strong>l</strong></span> <span class='ocrx_word' id='word_1_99' title='bbox 222 1306 391 1380; x_wconf 88' lang='lat' dir='ltr'><strong>comparauit</strong></span> <span class='ocrx_word' id='word_1_100' title='bbox 405 1303 472 1360; x_wconf 92' lang='lat' dir='ltr'><strong>duas</strong></span> <span class='ocrx_word' id='word_1_101' title='bbox 487 1302 550 1359; x_wconf 85' lang='lat' dir='ltr'><strong>alias</strong></span> <span class='ocrx_word' id='word_1_102' title='bbox 567 1305 699 1374; x_wconf 89' lang='lat' dir='ltr'><strong>actiones,</strong></span> <span class='ocrx_word' id='word_1_103' title='bbox 722 1305 908 1360; x_wconf 80' lang='lat' dir='ltr'><strong>exercitoriam</strong></span> <span class='ocrx_word' id='word_1_104' title='bbox 923 1312 951 1360; x_wconf 94' lang='lat' dir='ltr'><strong>et</strong></span> <span class='ocrx_word' id='word_1_105' title='bbox 965 1305 1074 1361; x_wconf 91' lang='lat' dir='ltr'><strong>instito-</strong></span> <span class='ocrx_word' id='word_1_106' title='bbox 1085 1315 1145 1365; x_wconf 78' lang='lat'><strong>214.</strong></span> 
     </span>
     <span class='ocr_line' id='line_1_14' title="bbox 109 1387 1076 1463; baseline -0.001 -17"><span class='ocrx_word' id='word_1_107' title='bbox 109 1391 191 1446; x_wconf 89' lang='lat' dir='ltr'><strong>riam:</strong></span> <span class='ocrx_word' id='word_1_108' title='bbox 216 1399 280 1446; x_wconf 87' lang='lat' dir='ltr'><strong>tunc</strong></span> <span class='ocrx_word' id='word_1_109' title='bbox 295 1398 385 1446; x_wconf 89' lang='lat' dir='ltr'><strong>autem</strong></span> <span class='ocrx_word' id='word_1_110' title='bbox 400 1389 560 1445; x_wconf 73' lang='lat' dir='ltr'><strong>exercitoria</strong></span> <span class='ocrx_word' id='word_1_111' title='bbox 581 1387 672 1446; x_wconf 86' lang='lat' dir='ltr'><strong>locum</strong></span> <span class='ocrx_word' id='word_1_112' title='bbox 693 1389 788 1458; x_wconf 88' lang='lat' dir='ltr'><strong>habet,</strong></span> <span class='ocrx_word' id='word_1_113' title='bbox 811 1405 872 1446; x_wconf 90' lang='lat' dir='ltr'><strong>cum</strong></span> <span class='ocrx_word' id='word_1_114' title='bbox 895 1398 972 1463; x_wconf 92' lang='lat' dir='ltr'><strong>pater</strong></span> <span class='ocrx_word' id='word_1_115' title='bbox 990 1388 1076 1445; x_wconf 91' lang='lat' dir='ltr'><strong>domi-</strong></span> 
     </span>
     <span class='ocr_line' id='line_1_15' title="bbox 108 1465 1077 1548; baseline -0.001 -18"><span class='ocrx_word' id='word_1_116' title='bbox 108 1490 197 1530; x_wconf 90' lang='lat' dir='ltr'><strong>nusne</strong></span> <span class='ocrx_word' id='word_1_117' title='bbox 213 1471 297 1530; x_wconf 88' lang='lat' dir='ltr'><strong>lilium</strong></span> <span class='ocrx_word' id='word_1_118' title='bbox 312 1489 458 1530; x_wconf 90' lang='lat' dir='ltr'><strong>seruumue</strong></span> <span class='ocrx_word' id='word_1_119' title='bbox 474 1474 634 1547; x_wconf 84' lang='lat' dir='ltr'><strong>magistrum</strong></span> <span class='ocrx_word' id='word_1_120' title='bbox 646 1475 708 1530; x_wconf 92' lang='lat' dir='ltr'><strong>naui</strong></span> <span class='ocrx_word' id='word_1_121' title='bbox 724 1475 923 1548; x_wconf 79' lang='lat' dir='ltr'><strong>praeposuerit,</strong></span> <span class='ocrx_word' id='word_1_122' title='bbox 939 1481 967 1530; x_wconf 91' lang='lat' dir='ltr'><strong>et</strong></span> <span class='ocrx_word' id='word_1_123' title='bbox 978 1465 1077 1548; x_wconf 73' lang='lat' dir='ltr'><strong>&#39;quod3</strong></span> 
     </span>
     <span class='ocr_line' id='line_1_16' title="bbox 36 1558 1075 1639; baseline 0.003 -27"><span class='ocrx_word' id='word_1_124' title='bbox 36 1570 94 1625; x_wconf 78' lang='lat' dir='ltr'><strong>[root</strong></span> <span class='ocrx_word' id='word_1_125' title='bbox 110 1575 172 1616; x_wconf 93' lang='lat' dir='ltr'><strong>cum</strong></span> <span class='ocrx_word' id='word_1_126' title='bbox 188 1575 222 1615; x_wconf 87' lang='lat' dir='ltr'><strong>oo</strong></span> <span class='ocrx_word' id='word_1_127' title='bbox 237 1560 294 1615; x_wconf 89' lang='lat' dir='ltr'><strong>eius</strong></span> <span class='ocrx_word' id='word_1_128' title='bbox 310 1561 350 1614; x_wconf 88' lang='lat' dir='ltr'><strong>rei</strong></span> <span class='ocrx_word' id='word_1_129' title='bbox 365 1560 462 1633; x_wconf 76' lang='lat' dir='ltr'><strong>gratia,</strong></span> <span class='ocrx_word' id='word_1_130' title='bbox 478 1559 522 1614; x_wconf 89' lang='lat' dir='ltr'><strong>eui</strong></span> <span class='ocrx_word' id='word_1_131' title='bbox 535 1560 709 1639; x_wconf 63' lang='lat' dir='ltr'><strong>praepositus</strong></span> <span class='ocrx_word' id='word_1_132' title='bbox 725 1558 786 1631; x_wconf 89' lang='lat' dir='ltr'><strong>luit,</strong></span> <span class='ocrx_word' id='word_1_133' title='bbox 807 1559 951 1634; x_wconf 78' lang='lat' dir='ltr'><strong>negotium</strong></span> <span class='ocrx_word' id='word_1_134' title='bbox 967 1567 1075 1633; x_wconf 79' lang='lat' dir='ltr'><strong>gestum</strong></span> 
     </span>
     <span class='ocr_line' id='line_1_17' title="bbox 108 1642 1075 1718; baseline -0.001 -18"><span class='ocrx_word' id='word_1_135' title='bbox 108 1645 174 1712; x_wconf 82' lang='lat' dir='ltr'><strong>erit3</strong></span> <span class='ocrx_word' id='word_1_136' title='bbox 198 1659 258 1699; x_wconf 93' lang='lat' dir='ltr'><strong>eum</strong></span> <span class='ocrx_word' id='word_1_137' title='bbox 280 1645 352 1699; x_wconf 91' lang='lat' dir='ltr'><strong>enim</strong></span> <span class='ocrx_word' id='word_1_138' title='bbox 373 1659 402 1698; x_wconf 89' lang='lat' dir='ltr'><strong>ea</strong></span> <span class='ocrx_word' id='word_1_139' title='bbox 426 1659 536 1718; x_wconf 88' lang='lat' dir='ltr'><strong>quoque</strong></span> <span class='ocrx_word' id='word_1_140' title='bbox 551 1659 595 1698; x_wconf 89' lang='lat' dir='ltr'><strong>res</strong></span> <span class='ocrx_word' id='word_1_141' title='bbox 617 1660 649 1701; x_wconf 81' lang='lat' dir='ltr'><strong>ex</strong></span> <span class='ocrx_word' id='word_1_142' title='bbox 670 1642 812 1700; x_wconf 87' lang='lat' dir='ltr'><strong>uoluntate</strong></span> <span class='ocrx_word' id='word_1_143' title='bbox 832 1644 916 1717; x_wconf 86' lang='lat' dir='ltr'><strong>patris</strong></span> <span class='ocrx_word' id='word_1_144' title='bbox 937 1643 1075 1700; x_wconf 92' lang='lat' dir='ltr'><strong>dominlue</strong></span> 
     </span>
     <span class='ocr_line' id='line_1_18' title="bbox 107 1719 1074 1804; baseline -0.002 -20"><span class='ocrx_word' id='word_1_145' title='bbox 107 1728 230 1784; x_wconf 78' lang='lat' dir='ltr'><strong>contrahi</strong></span> <span class='ocrx_word' id='word_1_146' title='bbox 247 1727 380 1800; x_wconf 87' lang='lat' dir='ltr'><strong>uideatur,</strong></span> <span class='ocrx_word' id='word_1_147' title='bbox 396 1728 586 1800; x_wconf 87' lang='lat' dir='ltr'><strong>aequissimum</strong></span> <span class='ocrx_word' id='word_1_148' title='bbox 602 1743 664 1783; x_wconf 88' lang='lat' dir='ltr'><strong>esse</strong></span> <span class='ocrx_word' id='word_1_149' title='bbox 679 1729 767 1783; x_wconf 90' lang='lat' dir='ltr'><strong>uisum</strong></span> <span class='ocrx_word' id='word_1_150' title='bbox 783 1735 834 1791; x_wconf 87' lang='lat' dir='ltr'><strong>cst,</strong></span> <span class='ocrx_word' id='word_1_151' title='bbox 854 1729 882 1782; x_wconf 90' lang='lat' dir='ltr'><strong>in</strong></span> <span class='ocrx_word' id='word_1_152' title='bbox 897 1726 1015 1782; x_wconf 87' lang='lat' dir='ltr'><strong>solidum</strong></span> <span class='ocrx_word' id='word_1_153' title='bbox 1030 1719 1074 1804; x_wconf 81' lang='lat' dir='ltr'><strong>(tn</strong></span> 
     </span>
     <span class='ocr_line' id='line_1_19' title="bbox 109 1804 1075 1892; baseline -0.002 -23"><span class='ocrx_word' id='word_1_154' title='bbox 109 1804 205 1892; x_wconf 73' lang='lat' dir='ltr'><strong>enm)⁴</strong></span> <span class='ocrx_word' id='word_1_155' title='bbox 226 1813 362 1869; x_wconf 84' lang='lat' dir='ltr'><strong>actionem</strong></span> <span class='ocrx_word' id='word_1_156' title='bbox 383 1811 454 1867; x_wconf 88' lang='lat' dir='ltr'><strong>dari:</strong></span> <span class='ocrx_word' id='word_1_157' title='bbox 474 1812 652 1882; x_wconf 84' lang='lat' dir='ltr'><strong>quinetiam,</strong></span> <span class='ocrx_word' id='word_1_158' title='bbox 673 1809 737 1866; x_wconf 88' lang='lat' dir='ltr'><strong>licet</strong></span> <span class='ocrx_word' id='word_1_159' title='bbox 753 1819 909 1867; x_wconf 81' lang='lat' dir='ltr'><strong>extraneum</strong></span> <span class='ocrx_word' id='word_1_160' title='bbox 925 1804 1075 1883; x_wconf 83' lang='lat' dir='ltr'><strong>’qnisquc⁶</strong></span> 
     </span>
     <span class='ocr_line' id='line_1_20' title="bbox 108 1893 1074 1971; baseline -0.001 -19"><span class='ocrx_word' id='word_1_161' title='bbox 108 1899 266 1971; x_wconf 75' lang='lat' dir='ltr'><strong>magistrum</strong></span> <span class='ocrx_word' id='word_1_162' title='bbox 282 1898 344 1952; x_wconf 89' lang='lat' dir='ltr'><strong>naui</strong></span> <span class='ocrx_word' id='word_1_163' title='bbox 360 1896 560 1969; x_wconf 85' lang='lat' dir='ltr'><strong>praeposuerit,</strong></span> <span class='ocrx_word' id='word_1_164' title='bbox 575 1895 634 1951; x_wconf 85' lang='lat' dir='ltr'><strong>siue</strong></span> <span class='ocrx_word' id='word_1_165' title='bbox 647 1911 757 1951; x_wconf 89' lang='lat' dir='ltr'><strong>sernum</strong></span> <span class='ocrx_word' id='word_1_166' title='bbox 769 1896 827 1951; x_wconf 89' lang='lat' dir='ltr'><strong>sine</strong></span> <span class='ocrx_word' id='word_1_167' title='bbox 842 1893 967 1965; x_wconf 89' lang='lat' dir='ltr'><strong>liberum,</strong></span> <span class='ocrx_word' id='word_1_168' title='bbox 983 1902 1074 1951; x_wconf 89' lang='lat' dir='ltr'><strong>tamen</strong></span> 
     </span>
     <span class='ocr_line' id='line_1_21' title="bbox 109 1978 1073 2057; baseline -0.002 -18"><span class='ocrx_word' id='word_1_169' title='bbox 109 1999 139 2039; x_wconf 88' lang='lat' dir='ltr'><strong>ea</strong></span> <span class='ocrx_word' id='word_1_170' title='bbox 160 1982 300 2057; x_wconf 91' lang='lat' dir='ltr'><strong>praetoria</strong></span> <span class='ocrx_word' id='word_1_171' title='bbox 320 1983 391 2038; x_wconf 90' lang='lat' dir='ltr'><strong>actio</strong></span> <span class='ocrx_word' id='word_1_172' title='bbox 411 1982 437 2037; x_wconf 93' lang='lat' dir='ltr'><strong>in</strong></span> <span class='ocrx_word' id='word_1_173' title='bbox 458 1996 519 2037; x_wconf 93' lang='lat' dir='ltr'><strong>eum</strong></span> <span class='ocrx_word' id='word_1_174' title='bbox 541 1979 678 2036; x_wconf 84' lang='lat' dir='ltr'><strong>redditur:</strong></span> <span class='ocrx_word' id='word_1_175' title='bbox 706 1978 768 2036; x_wconf 93' lang='lat' dir='ltr'><strong>ideo</strong></span> <span class='ocrx_word' id='word_1_176' title='bbox 793 1987 883 2037; x_wconf 90' lang='lat' dir='ltr'><strong>autem</strong></span> <span class='ocrx_word' id='word_1_177' title='bbox 911 1980 1073 2039; x_wconf 78' lang='lat' dir='ltr'><strong>exercitoria</strong></span> 
     </span>
     <span class='ocr_line' id='line_1_22' title="bbox 108 2062 1072 2141; baseline -0.001 -18"><span class='ocrx_word' id='word_1_178' title='bbox 108 2068 177 2123; x_wconf 88' lang='lat' dir='ltr'><strong>actio</strong></span> <span class='ocrx_word' id='word_1_179' title='bbox 193 2067 357 2141; x_wconf 90' lang='lat' dir='ltr'><strong>appellatur,</strong></span> <span class='ocrx_word' id='word_1_180' title='bbox 372 2068 434 2140; x_wconf 91' lang='lat' dir='ltr'><strong>quia</strong></span> <span class='ocrx_word' id='word_1_181' title='bbox 450 2062 717 2123; x_wconf 72' lang='lat' dir='ltr'><strong>exercitor&#39;uoeatur</strong></span> <span class='ocrx_word' id='word_1_182' title='bbox 731 2066 770 2137; x_wconf 95' lang='lat' dir='ltr'><strong>is,</strong></span> <span class='ocrx_word' id='word_1_183' title='bbox 791 2067 827 2121; x_wconf 85' lang='lat' dir='ltr'><strong>ad</strong></span> <span class='ocrx_word' id='word_1_184' title='bbox 845 2082 924 2140; x_wconf 92' lang='lat' dir='ltr'><strong>quem</strong></span> <span class='ocrx_word' id='word_1_185' title='bbox 947 2066 1072 2122; x_wconf 87' lang='lat' dir='ltr'><strong>cottidia-</strong></span> 
     </span>
     <span class='ocr_line' id='line_1_23' title="bbox 108 2148 1072 2227; baseline -0.001 -20"><span class='ocrx_word' id='word_1_186' title='bbox 108 2169 165 2207; x_wconf 89' lang='lat' dir='ltr'><strong>nus.</strong></span> <span class='ocrx_word' id='word_1_187' title='bbox 182 2154 258 2208; x_wconf 87' lang='lat' dir='ltr'><strong>nauis</strong></span> <span class='ocrx_word' id='word_1_188' title='bbox 284 2160 414 2227; x_wconf 85' lang='lat' dir='ltr'><strong>quaestus</strong></span> <span class='ocrx_word' id='word_1_189' title='bbox 440 2150 573 2224; x_wconf 86' lang='lat' dir='ltr'><strong>peruenit.</strong></span> <span class='ocrx_word' id='word_1_190' title='bbox 618 2150 753 2206; x_wconf 87' lang='lat' dir='ltr'><strong>institoria</strong></span> <span class='ocrx_word' id='word_1_191' title='bbox 778 2166 845 2207; x_wconf 92' lang='lat' dir='ltr'><strong>uero</strong></span> <span class='ocrx_word' id='word_1_192' title='bbox 872 2148 987 2205; x_wconf 89' lang='lat' dir='ltr'><strong>lormula</strong></span> <span class='ocrx_word' id='word_1_193' title='bbox 1014 2158 1072 2206; x_wconf 89' lang='lat' dir='ltr'><strong>tum</strong></span> 
     </span>
     <span class='ocr_line' id='line_1_24' title="bbox 84 2232 1072 2310; baseline -0.001 -18"><span class='ocrx_word' id='word_1_194' title='bbox 84 2238 92 2243; x_wconf 86' lang='grc'><em>“</em></span> <span class='ocrx_word' id='word_1_195' title='bbox 108 2236 198 2293; x_wconf 89' lang='lat' dir='ltr'><strong>locum</strong></span> <span class='ocrx_word' id='word_1_196' title='bbox 214 2236 303 2307; x_wconf 90' lang='lat' dir='ltr'><strong>habet,</strong></span> <span class='ocrx_word' id='word_1_197' title='bbox 319 2253 380 2293; x_wconf 89' lang='lat' dir='ltr'><strong>oum</strong></span> <span class='ocrx_word' id='word_1_198' title='bbox 397 2237 457 2310; x_wconf 89' lang='lat' dir='ltr'><strong>quis</strong></span> <span class='ocrx_word' id='word_1_199' title='bbox 469 2234 595 2291; x_wconf 86' lang='lat' dir='ltr'><strong>tabernae</strong></span> <span class='ocrx_word' id='word_1_200' title='bbox 607 2242 654 2290; x_wconf 92' lang='lat' dir='ltr'><strong>aut</strong></span> <span class='ocrx_word' id='word_1_201' title='bbox 666 2233 777 2291; x_wconf 88' lang='lat' dir='ltr'><strong>cuilibet</strong></span> <span class='ocrx_word' id='word_1_202' title='bbox 791 2235 971 2309; x_wconf 79' lang='lat' dir='ltr'><strong>negotiationi</strong></span> <span class='ocrx_word' id='word_1_203' title='bbox 987 2232 1072 2291; x_wconf 88' lang='lat' dir='ltr'><strong>lilium</strong></span> 
     </span>
     <span class='ocr_line' id='line_1_25' title="bbox 107 2318 1071 2394; baseline -0.002 -17"><span class='ocrx_word' id='word_1_204' title='bbox 107 2337 254 2377; x_wconf 87' lang='lat' dir='ltr'><strong>seruumue</strong></span> <span class='ocrx_word' id='word_1_205' title='bbox 269 2329 315 2377; x_wconf 92' lang='lat' dir='ltr'><strong>aut</strong></span> <span class='ocrx_word' id='word_1_206' title='bbox 330 2320 478 2394; x_wconf 78' lang='lat' dir='ltr'><strong>quemlibet</strong></span> <span class='ocrx_word' id='word_1_207' title='bbox 493 2326 661 2389; x_wconf 77' lang='lat' dir='ltr'><strong>extraneum,</strong></span> <span class='ocrx_word' id='word_1_208' title='bbox 678 2319 736 2375; x_wconf 90' lang='lat' dir='ltr'><strong>siue</strong></span> <span class='ocrx_word' id='word_1_209' title='bbox 752 2335 864 2376; x_wconf 86' lang='lat' dir='ltr'><strong>sernum</strong></span> <span class='ocrx_word' id='word_1_210' title='bbox 875 2321 935 2375; x_wconf 91' lang='lat' dir='ltr'><strong>siue</strong></span> <span class='ocrx_word' id='word_1_211' title='bbox 945 2318 1071 2391; x_wconf 88' lang='lat' dir='ltr'><strong>liberum,</strong></span> 
     </span>
     <span class='ocr_line' id='line_1_26' title="bbox 107 2404 1071 2480; baseline -0.002 -19"><span class='ocrx_word' id='word_1_212' title='bbox 107 2407 305 2480; x_wconf 84' lang='lat' dir='ltr'><strong>praeposuerit,</strong></span> <span class='ocrx_word' id='word_1_213' title='bbox 326 2414 356 2461; x_wconf 91' lang='lat' dir='ltr'><strong>et</strong></span> <span class='ocrx_word' id='word_1_214' title='bbox 375 2404 439 2479; x_wconf 93' lang='lat' dir='ltr'><strong>qnid</strong></span> <span class='ocrx_word' id='word_1_215' title='bbox 456 2420 516 2461; x_wconf 88' lang='lat' dir='ltr'><strong>cum</strong></span> <span class='ocrx_word' id='word_1_216' title='bbox 532 2420 565 2459; x_wconf 95' lang='lat' dir='ltr'><strong>eo</strong></span> <span class='ocrx_word' id='word_1_217' title='bbox 584 2404 642 2459; x_wconf 86' lang='lat' dir='ltr'><strong>eius</strong></span> <span class='ocrx_word' id='word_1_218' title='bbox 657 2405 695 2459; x_wconf 89' lang='lat' dir='ltr'><strong>rei</strong></span> <span class='ocrx_word' id='word_1_219' title='bbox 717 2405 817 2476; x_wconf 79' lang='lat' dir='ltr'><strong>gratia,</strong></span> <span class='ocrx_word' id='word_1_220' title='bbox 842 2405 885 2460; x_wconf 89' lang='lat' dir='ltr'><strong>cui</strong></span> <span class='ocrx_word' id='word_1_221' title='bbox 900 2404 1071 2479; x_wconf 88' lang='lat' dir='ltr'><strong>praepositus</strong></span> 
     </span>
     <span class='ocr_line' id='line_1_27' title="bbox 107 2489 1071 2563; baseline 0.001 -18"><span class='ocrx_word' id='word_1_222' title='bbox 107 2499 160 2560; x_wconf 87' lang='lat' dir='ltr'><strong>est,</strong></span> <span class='ocrx_word' id='word_1_223' title='bbox 178 2499 348 2548; x_wconf 87' lang='lat' dir='ltr'><strong>contractum</strong></span> <span class='ocrx_word' id='word_1_224' title='bbox 362 2490 460 2546; x_wconf 86' lang='lat' dir='ltr'><strong>luerit:</strong></span> <span class='ocrx_word' id='word_1_225' title='bbox 483 2489 651 2545; x_wconf 81' lang='lat' dir='ltr'><strong>ideoamam</strong></span> <span class='ocrx_word' id='word_1_226' title='bbox 670 2489 805 2546; x_wconf 87' lang='lat' dir='ltr'><strong>institoria</strong></span> <span class='ocrx_word' id='word_1_227' title='bbox 821 2489 987 2563; x_wconf 86' lang='lat' dir='ltr'><strong>appellatur,</strong></span> <span class='ocrx_word' id='word_1_228' title='bbox 1009 2490 1071 2563; x_wconf 91' lang='lat' dir='ltr'><strong>quia</strong></span> 
     </span>
     <span class='ocr_line' id='line_1_28' title="bbox 107 2573 1071 2649; baseline 0 -19"><span class='ocrx_word' id='word_1_229' title='bbox 107 2576 153 2647; x_wconf 93' lang='lat' dir='ltr'><strong>qui</strong></span> <span class='ocrx_word' id='word_1_230' title='bbox 177 2573 303 2631; x_wconf 90' lang='lat' dir='ltr'><strong>tabernae</strong></span> <span class='ocrx_word' id='word_1_231' title='bbox 324 2576 516 2649; x_wconf 87' lang='lat' dir='ltr'><strong>praeponitur,</strong></span> <span class='ocrx_word' id='word_1_232' title='bbox 542 2575 654 2629; x_wconf 89' lang='lat' dir='ltr'><strong>institor</strong></span> <span class='ocrx_word' id='word_1_233' title='bbox 680 2574 846 2647; x_wconf 86' lang='lat' dir='ltr'><strong>appellatur:</strong></span> <span class='ocrx_word' id='word_1_234' title='bbox 870 2591 939 2648; x_wconf 90' lang='lat' dir='ltr'><strong>qnae</strong></span> <span class='ocrx_word' id='word_1_235' title='bbox 962 2576 1071 2647; x_wconf 88' lang='lat' dir='ltr'><strong>etipsa</strong></span> 
     </span>
     <span class='ocr_line' id='line_1_29' title="bbox 105 2653 1071 2731; baseline -0.002 -16"><span class='ocrx_word' id='word_1_236' title='bbox 105 2658 223 2716; x_wconf 81' lang='lat' dir='ltr'><strong>formula</strong></span> <span class='ocrx_word' id='word_1_237' title='bbox 237 2661 264 2715; x_wconf 92' lang='lat' dir='ltr'><strong>iu</strong></span> <span class='ocrx_word' id='word_1_238' title='bbox 280 2659 396 2715; x_wconf 93' lang='lat' dir='ltr'><strong>solidum</strong></span> <span class='ocrx_word' id='word_1_239' title='bbox 412 2668 463 2715; x_wconf 88' lang='lat' dir='ltr'><strong>est.</strong></span> <span class='ocrx_word' id='word_1_240' title='bbox 496 2653 540 2716; x_wconf 77' lang='grc'><strong>72.</strong></span> <span class='ocrx_word' id='word_1_241' title='bbox 557 2659 698 2713; x_wconf 89' lang='lat' dir='ltr'><strong>Praeterea</strong></span> <span class='ocrx_word' id='word_1_242' title='bbox 715 2660 857 2715; x_wconf 84' lang='lat' dir='ltr'><strong>tributoria</strong></span> <span class='ocrx_word' id='word_1_243' title='bbox 873 2674 984 2731; x_wconf 92' lang='lat' dir='ltr'><strong>quoque</strong></span> <span class='ocrx_word' id='word_1_244' title='bbox 999 2659 1071 2714; x_wconf 87' lang='lat' dir='ltr'><strong>aetio</strong></span> 
     </span>
     <span class='ocr_line' id='line_1_30' title="bbox 105 2735 1069 2819; baseline -0.003 -20"><span class='ocrx_word' id='word_1_245' title='bbox 105 2746 253 2819; x_wconf 80' lang='lat' dir='ltr'><strong>inpetrem</strong></span> <span class='ocrx_word' id='word_1_246' title='bbox 273 2743 446 2800; x_wconf 90' lang='lat' dir='ltr'><strong>dominumue</strong></span> <span class='ocrx_word' id='word_1_247' title='bbox 461 2744 610 2799; x_wconf 90' lang='lat' dir='ltr'><strong>constituta</strong></span> <span class='ocrx_word' id='word_1_248' title='bbox 626 2750 678 2813; x_wconf 90' lang='lat' dir='ltr'><strong>est,</strong></span> <span class='ocrx_word' id='word_1_249' title='bbox 700 2760 761 2799; x_wconf 89' lang='lat' dir='ltr'><strong>cum</strong></span> <span class='ocrx_word' id='word_1_250' title='bbox 779 2740 851 2797; x_wconf 88' lang='lat' dir='ltr'><strong>lilius</strong></span> <span class='ocrx_word' id='word_1_251' title='bbox 867 2735 1021 2798; x_wconf 73' lang='lat' dir='ltr'><strong>seruusue⁶</strong></span> <span class='ocrx_word' id='word_1_252' title='bbox 1041 2744 1069 2797; x_wconf 88' lang='lat' dir='ltr'><strong>in</strong></span> 
     </span>
    </p>
   </div>
   <div class='ocr_carea' id='block_1_3' title="bbox 101 2858 1155 3423">
    <p class='ocr_par' dir='ltr' id='par_1_3' title="bbox 101 2858 1155 3423">
     <span class='ocr_line' id='line_1_31' title="bbox 179 2858 1071 2927; baseline -0.006 -15"><span class='ocrx_word' id='word_1_253' title='bbox 179 2858 199 2927; x_wconf 92' lang='lat'><strong>¹)</strong></span> <span class='ocrx_word' id='word_1_254' title='bbox 211 2861 331 2912; x_wconf 78' lang='lat' dir='ltr'><strong>Correxi.</strong></span> <span class='ocrx_word' id='word_1_255' title='bbox 345 2860 436 2924; x_wconf 85' lang='lat' dir='ltr'><strong>petenti</strong></span> <span class='ocrx_word' id='word_1_256' title='bbox 448 2859 474 2910; x_wconf 81' lang='lat'><strong>0.</strong></span> <span class='ocrx_word' id='word_1_257' title='bbox 486 2858 544 2909; x_wconf 85' lang='lat' dir='ltr'><strong>edd.</strong></span> <span class='ocrx_word' id='word_1_258' title='bbox 555 2874 649 2909; x_wconf 85' lang='lat' dir='ltr'><strong>reuera</strong></span> <span class='ocrx_word' id='word_1_259' title='bbox 658 2861 726 2909; x_wconf 80' lang='lat' dir='ltr'><strong>enim</strong></span> <span class='ocrx_word' id='word_1_260' title='bbox 735 2861 763 2908; x_wconf 83' lang='lat' dir='ltr'><strong>in</strong></span> <span class='ocrx_word' id='word_1_261' title='bbox 773 2858 985 2909; x_wconf 68' lang='lat' dir='ltr'><strong>concorporatione</strong></span> <span class='ocrx_word' id='word_1_262' title='bbox 994 2865 1071 2908; x_wconf 86' lang='lat' dir='ltr'><strong>actor</strong></span> 
     </span>
     <span class='ocr_line' id='line_1_32' title="bbox 104 2926 1070 2997; baseline -0.004 -14"><span class='ocrx_word' id='word_1_263' title='bbox 104 2948 157 2983; x_wconf 86' lang='lat' dir='ltr'><strong>non</strong></span> <span class='ocrx_word' id='word_1_264' title='bbox 172 2934 255 2997; x_wconf 83' lang='lat' dir='ltr'><strong>petit,·</strong></span> <span class='ocrx_word' id='word_1_265' title='bbox 275 2933 415 2982; x_wconf 81' lang='lat' dir='ltr'><strong>sedetiam</strong></span> <span class='ocrx_word' id='word_1_266' title='bbox 433 2930 537 2981; x_wconf 84' lang='lat' dir='ltr'><strong>uerbum</strong></span> <span class='ocrx_word' id='word_1_267' title='bbox 555 2931 740 2995; x_wconf 70' lang='lat' dir='ltr'><strong>perfamiliare</strong></span> <span class='ocrx_word' id='word_1_268' title='bbox 758 2932 784 2980; x_wconf 79' lang='lat' dir='ltr'><strong>ei</strong></span> <span class='ocrx_word' id='word_1_269' title='bbox 803 2926 992 2980; x_wconf 82' lang='lat' dir='ltr'><strong>‘interuenire&#39;</strong></span> <span class='ocrx_word' id='word_1_270' title='bbox 1012 2945 1070 2979; x_wconf 84' lang='lat' dir='ltr'><strong>cam</strong></span> 
     </span>
     <span class='ocr_line' id='line_1_33' title="bbox 104 2995 1071 3068; baseline -0.004 -15"><span class='ocrx_word' id='word_1_271' title='bbox 104 3004 193 3055; x_wconf 83' lang='lat' dir='ltr'><strong>dativo</strong></span> <span class='ocrx_word' id='word_1_272' title='bbox 205 3019 336 3068; x_wconf 84' lang='lat' dir='ltr'><strong>personae</strong></span> <span class='ocrx_word' id='word_1_273' title='bbox 352 3003 434 3053; x_wconf 80' lang='lat' dir='ltr'><strong>Gaiae</strong></span> <span class='ocrx_word' id='word_1_274' title='bbox 448 3003 495 3053; x_wconf 80' lang='lat' dir='ltr'><strong>oia</strong></span> <span class='ocrx_word' id='word_1_275' title='bbox 505 3018 616 3067; x_wconf 83' lang='lat' dir='ltr'><strong>unquam</strong></span> <span class='ocrx_word' id='word_1_276' title='bbox 625 3002 734 3052; x_wconf 77' lang='lat' dir='ltr'><strong>dixerit,</strong></span> <span class='ocrx_word' id='word_1_277' title='bbox 800 2995 820 3067; x_wconf 90' lang='lat'><strong>¹)</strong></span> <span class='ocrx_word' id='word_1_278' title='bbox 834 2999 880 3049; x_wconf 76' lang='lat' dir='ltr'><strong>Ea</strong></span> <span class='ocrx_word' id='word_1_279' title='bbox 889 3000 974 3053; x_wconf 78' lang='lat' dir='ltr'><strong>Instit.</strong></span> <span class='ocrx_word' id='word_1_280' title='bbox 986 3007 1071 3063; x_wconf 76' lang='lat' dir='ltr'><strong>agatur</strong></span> 
     </span>
     <span class='ocr_line' id='line_1_34' title="bbox 105 3070 1069 3142; baseline -0.004 -17"><span class='ocrx_word' id='word_1_281' title='bbox 105 3075 132 3125; x_wconf 83' lang='lat'><strong>0.</strong></span> <span class='ocrx_word' id='word_1_282' title='bbox 148 3075 207 3126; x_wconf 85' lang='lat' dir='ltr'><strong>edd.</strong></span> <span class='ocrx_word' id='word_1_283' title='bbox 273 3070 293 3142; x_wconf 81' lang='lat'><strong>³)</strong></span> <span class='ocrx_word' id='word_1_284' title='bbox 308 3075 365 3139; x_wconf 93' lang='lat' dir='ltr'><strong>quid</strong></span> <span class='ocrx_word' id='word_1_285' title='bbox 377 3074 402 3124; x_wconf 82' lang='lat' dir='ltr'><strong>O.</strong></span> <span class='ocrx_word' id='word_1_286' title='bbox 417 3073 482 3124; x_wconf 82' lang='lat' dir='ltr'><strong>Inst.</strong></span> <span class='ocrx_word' id='word_1_287' title='bbox 497 3080 522 3123; x_wconf 87' lang='lat' dir='ltr'><strong>et</strong></span> <span class='ocrx_word' id='word_1_288' title='bbox 535 3074 660 3138; x_wconf 83' lang='lat' dir='ltr'><strong>quaedam</strong></span> <span class='ocrx_word' id='word_1_289' title='bbox 673 3074 732 3123; x_wconf 82' lang='lat' dir='ltr'><strong>edd.</strong></span> <span class='ocrx_word' id='word_1_290' title='bbox 747 3073 823 3123; x_wconf 78' lang='lat' dir='ltr'><strong>etiam</strong></span> <span class='ocrx_word' id='word_1_291' title='bbox 832 3074 873 3122; x_wconf 81' lang='lat' dir='ltr'><strong>ed.</strong></span> <span class='ocrx_word' id='word_1_292' title='bbox 883 3072 933 3121; x_wconf 89' lang='lat' dir='ltr'><strong>Kr.</strong></span> <span class='ocrx_word' id='word_1_293' title='bbox 943 3084 964 3123; x_wconf 82' lang='lat' dir='ltr'><strong>tt.</strong></span> <span class='ocrx_word' id='word_1_294' title='bbox 975 3079 1069 3136; x_wconf 80' lang='lat' dir='ltr'><strong>postea</strong></span> 
     </span>
     <span class='ocr_line' id='line_1_35' title="bbox 104 3140 1068 3214; baseline -0.003 -19"><span class='ocrx_word' id='word_1_295' title='bbox 104 3143 263 3214; x_wconf 57' lang='lat' dir='ltr'><strong>[negotium]</strong></span> <span class='ocrx_word' id='word_1_296' title='bbox 328 3142 350 3212; x_wconf 70' lang='grc'><strong>4)</strong></span> <span class='ocrx_word' id='word_1_297' title='bbox 364 3144 497 3209; x_wconf 82' lang='lat' dir='ltr'><strong>Suppleui.</strong></span> <span class='ocrx_word' id='word_1_298' title='bbox 521 3146 621 3196; x_wconf 72' lang='lat' dir='ltr'><strong>cncidit</strong></span> <span class='ocrx_word' id='word_1_299' title='bbox 635 3152 697 3209; x_wconf 84' lang='lat' dir='ltr'><strong>post</strong></span> <span class='ocrx_word' id='word_1_300' title='bbox 714 3144 838 3194; x_wconf 88' lang='lat' dir='ltr'><strong>sol-idum.</strong></span> <span class='ocrx_word' id='word_1_301' title='bbox 903 3140 925 3209; x_wconf 76' lang='lat'><strong>⁶)</strong></span> <span class='ocrx_word' id='word_1_302' title='bbox 939 3144 1068 3209; x_wconf 75' lang='lat' dir='ltr'><strong>quisquae</strong></span> 
     </span>
     <span class='ocr_line' id='line_1_36' title="bbox 108 3213 1155 3283; baseline -0.004 -16"><span class='ocrx_word' id='word_1_303' title='bbox 108 3214 163 3272; x_wconf 64' lang='lat' dir='ltr'><strong>V&#39;l.</strong></span> <span class='ocrx_word' id='word_1_304' title='bbox 227 3214 249 3283; x_wconf 80' lang='lat'><strong>⁸)</strong></span> <span class='ocrx_word' id='word_1_305' title='bbox 264 3217 310 3267; x_wconf 76' lang='lat' dir='ltr'><strong>Ea</strong></span> <span class='ocrx_word' id='word_1_306' title='bbox 328 3213 375 3266; x_wconf 67' lang='lat' dir='ltr'><strong>V⁵⁸</strong></span> <span class='ocrx_word' id='word_1_307' title='bbox 386 3223 506 3281; x_wconf 85' lang='lat' dir='ltr'><strong>apparet,</strong></span> <span class='ocrx_word' id='word_1_308' title='bbox 519 3230 700 3266; x_wconf 78' lang='lat' dir='ltr'><strong>amanuensem</strong></span> <span class='ocrx_word' id='word_1_309' title='bbox 713 3215 791 3266; x_wconf 85' lang='lat' dir='ltr'><strong>rerba</strong></span> <span class='ocrx_word' id='word_1_310' title='bbox 805 3216 934 3266; x_wconf 86' lang='lat' dir='ltr'><strong>constituta</strong></span> <span class='ocrx_word' id='word_1_311' title='bbox 948 3256 955 3269; x_wconf 87' lang='lat'>.</span> <span class='ocrx_word' id='word_1_312' title='bbox 971 3252 977 3265; x_wconf 91' lang='lat'><strong>.</strong></span> <span class='ocrx_word' id='word_1_313' title='bbox 992 3251 999 3265; x_wconf 88' lang='lat'><strong>.</strong></span> <span class='ocrx_word' id='word_1_314' title='bbox 1014 3229 1067 3264; x_wconf 89' lang='lat' dir='ltr'><strong>ser·</strong></span> <span class='ocrx_word' id='word_1_315' title='bbox 1141 3220 1155 3237; x_wconf 87' lang='lat'><strong>·&#39;</strong></span> 
     </span>
     <span class='ocr_line' id='line_1_37' title="bbox 103 3285 1068 3353; baseline -0.005 -14"><span class='ocrx_word' id='word_1_316' title='bbox 103 3304 179 3339; x_wconf 83' lang='lat' dir='ltr'><strong>unone</strong></span> <span class='ocrx_word' id='word_1_317' title='bbox 194 3292 259 3339; x_wconf 90' lang='lat' dir='ltr'><strong>male</strong></span> <span class='ocrx_word' id='word_1_318' title='bbox 273 3291 415 3353; x_wconf 79' lang='lat' dir='ltr'><strong>repetiisse.</strong></span> <span class='ocrx_word' id='word_1_319' title='bbox 438 3288 526 3338; x_wconf 83' lang='lat' dir='ltr'><strong>Etiam</strong></span> <span class='ocrx_word' id='word_1_320' title='bbox 538 3289 593 3337; x_wconf 79' lang='lat' dir='ltr'><strong>alia</strong></span> <span class='ocrx_word' id='word_1_321' title='bbox 607 3303 659 3338; x_wconf 91' lang='lat' dir='ltr'><strong>non</strong></span> <span class='ocrx_word' id='word_1_322' title='bbox 669 3303 759 3352; x_wconf 84' lang='lat' dir='ltr'><strong>pauca</strong></span> <span class='ocrx_word' id='word_1_323' title='bbox 772 3294 865 3352; x_wconf 85' lang='lat' dir='ltr'><strong>aperta</strong></span> <span class='ocrx_word' id='word_1_324' title='bbox 878 3287 971 3336; x_wconf 84' lang='lat' dir='ltr'><strong>menda</strong></span> <span class='ocrx_word' id='word_1_325' title='bbox 984 3288 1012 3336; x_wconf 82' lang='lat' dir='ltr'><strong>in</strong></span> <span class='ocrx_word' id='word_1_326' title='bbox 1025 3285 1068 3334; x_wconf 79' lang='lat' dir='ltr'><strong>bie</strong></span> 
     </span>
     <span class='ocr_line' id='line_1_38' title="bbox 101 3360 597 3423; baseline 0.002 -12"><span class='ocrx_word' id='word_1_327' title='bbox 101 3361 143 3423; x_wconf 63' lang='grc' dir='ltr'><strong>ἐξ.</strong></span> <span class='ocrx_word' id='word_1_328' title='bbox 158 3376 193 3411; x_wconf 81' lang='lat' dir='ltr'><strong>em</strong></span> <span class='ocrx_word' id='word_1_329' title='bbox 206 3360 271 3411; x_wconf 86' lang='lat' dir='ltr'><strong>Inet.</strong></span> <span class='ocrx_word' id='word_1_330' title='bbox 286 3361 382 3410; x_wconf 83' lang='lat' dir='ltr'><strong>dadam</strong></span> <span class='ocrx_word' id='word_1_331' title='bbox 395 3366 516 3411; x_wconf 85' lang='lat' dir='ltr'><strong>correcta</strong></span> <span class='ocrx_word' id='word_1_332' title='bbox 529 3366 597 3412; x_wconf 82' lang='lat' dir='ltr'><strong>eunt.</strong></span> 
     </span>
    </p>
   </div>
   <div class='ocr_carea' id='block_1_4' title="bbox 101 3461 1067 3736">
    <p class='ocr_par' dir='ltr' id='par_1_4' title="bbox 101 3461 1067 3736">
     <span class='ocr_line' id='line_1_39' title="bbox 175 3461 1067 3537; baseline -0.006 -19"><span class='ocrx_word' id='word_1_333' title='bbox 175 3463 201 3537; x_wconf 76' lang='lat'><strong>§‚</strong></span> <span class='ocrx_word' id='word_1_334' title='bbox 217 3469 259 3518; x_wconf 84' lang='grc'><strong>69.</strong></span> <span class='ocrx_word' id='word_1_335' title='bbox 275 3489 310 3509; x_wconf 84' lang='lat'>=</span> <span class='ocrx_word' id='word_1_336' title='bbox 319 3483 363 3531; x_wconf 86' lang='lat' dir='ltr'><strong>pr.</strong></span> <span class='ocrx_word' id='word_1_337' title='bbox 377 3466 398 3517; x_wconf 92' lang='lat' dir='ltr'><strong>I.</strong></span> <span class='ocrx_word' id='word_1_338' title='bbox 414 3467 484 3533; x_wconf 81' lang='lat' dir='ltr'><strong>quod</strong></span> <span class='ocrx_word' id='word_1_339' title='bbox 497 3482 517 3518; x_wconf 90' lang='lat' dir='ltr'><strong>c.</strong></span> <span class='ocrx_word' id='word_1_340' title='bbox 532 3482 561 3517; x_wconf 89' lang='lat' dir='ltr'><strong>eo</strong></span> <span class='ocrx_word' id='word_1_341' title='bbox 576 3482 598 3530; x_wconf 88' lang='lat' dir='ltr'><strong>q.</strong></span> <span class='ocrx_word' id='word_1_342' title='bbox 613 3468 641 3515; x_wconf 88' lang='lat' dir='ltr'><strong>in</strong></span> <span class='ocrx_word' id='word_1_343' title='bbox 655 3468 742 3517; x_wconf 84' lang='lat' dir='ltr'><strong>aliena</strong></span> <span class='ocrx_word' id='word_1_344' title='bbox 752 3480 780 3529; x_wconf 83' lang='lat' dir='ltr'><strong>p.</strong></span> <span class='ocrx_word' id='word_1_345' title='bbox 796 3464 827 3529; x_wconf 85' lang='lat' dir='ltr'><strong>(t,</strong></span> <span class='ocrx_word' id='word_1_346' title='bbox 842 3464 874 3531; x_wconf 80' lang='lat' dir='ltr'><strong>a).</strong></span> <span class='ocrx_word' id='word_1_347' title='bbox 894 3461 1015 3529; x_wconf 86' lang='lat' dir='ltr'><strong>superius]</strong></span> <span class='ocrx_word' id='word_1_348' title='bbox 1031 3462 1067 3527; x_wconf 77' lang='lat' dir='ltr'><strong>ef.</strong></span> 
     </span>
     <span class='ocr_line' id='line_1_40' title="bbox 102 3531 1066 3607; baseline -0.004 -19"><span class='ocrx_word' id='word_1_349' title='bbox 102 3539 421 3603; x_wconf 77' lang='lat' dir='ltr'><strong>not.1od§.co.p.oos.</strong></span> <span class='ocrx_word' id='word_1_350' title='bbox 477 3533 770 3607; x_wconf 75' lang='lat' dir='ltr'><strong>§.to.=§.1.l.to‚</strong></span> <span class='ocrx_word' id='word_1_351' title='bbox 821 3531 1066 3605; x_wconf 75' lang='lat' dir='ltr'><strong>§.71.0f.§.n1.</strong></span> 
     </span>
     <span class='ocr_line' id='line_1_41' title="bbox 101 3605 863 3736; baseline -0.003 -76"><span class='ocrx_word' id='word_1_352' title='bbox 101 3609 301 3675; x_wconf 81' lang='lat' dir='ltr'><strong>ib.Paut.o,c.</strong></span> <span class='ocrx_word' id='word_1_353' title='bbox 356 3605 561 3679; x_wconf 74' lang='lat' dir='ltr'><strong>§.72.=§.c.</strong></span> <span class='ocrx_word' id='word_1_354' title='bbox 580 3608 651 3661; x_wconf 78' lang='lat' dir='ltr'><strong>tto.</strong></span> <span class='ocrx_word' id='word_1_355' title='bbox 671 3608 863 3736; x_wconf 53' lang='lat' dir='ltr'><strong>Oppium*</strong></span> 
     </span>
    </p>
   </div>
   <div class='ocr_carea' id='block_1_5' title="bbox 0 0 1280 4000">
    <p class='ocr_par' dir='ltr' id='par_1_5' title="bbox 0 0 1280 4000">
     <span class='ocr_line' id='line_1_42' title="bbox 0 0 1280 4000; baseline 0 4"><span class='ocrx_word' id='word_1_356' title='bbox 0 0 1280 4000; x_wconf 95' lang='lat' dir='ltr'><strong> </strong></span> 
     </span>
    </p>
   </div>
  </div>
 </body>
</html>
