2550 4000
431 191 492 228 nau
511 193 609 232 msam.
627 174 648 233 Ι,
669 181 726 232 132.
1001 176 1065 242 205

24 346 68 397 sa]
87 326 211 392 rentur¹
235 334 348 392 alterius
370 335 489 391 ciuitatis
518 328 617 392 ciues.²
666 331 732 394 132.
754 329 947 392 Ῥνειείενεα3
974 353 1064 394 emes·

84 420 231 494 cipatione
254 419 382 476 desinunt
403 419 481 476 tiberi
506 419 533 474 in
562 426 700 492 potestate
721 423 878 493 parentium
907 438 978 479 esse.
1021 431 1065 477 set

84 504 166 562 filius
183 503 292 577 quidem
309 505 396 560 tribus
419 501 680 577 mancipationem,
702 503 788 561 ceteri
811 521 878 562 uero
893 506 984 574 liberi,
1004 507 1064 562 siue

83 588 235 646 masculini
250 605 331 644 senus
346 591 405 646 siue
421 588 552 659 feminini,
573 605 626 644 una
641 589 841 662 mancipatione
856 598 955 648 exeunt
969 590 1003 647 de
1018 607 1064 664 pa·

83 675 213 730 rentium
228 681 380 747 potestate:
404 673 448 730 lex
464 674 535 730 enim
550 687 596 731 xit
617 672 768 730 tabularum
784 681 889 735 emtum
905 677 932 730 in
947 691 1065 748 persona

84 757 143 814 tilii
164 757 198 814 de
221 757 309 814 tribus
333 757 575 831 mancipationibus
598 757 723 830 loquitur
742 758 910 815 tianensis:
932 757 966 814 ‘si
988 769 1065 832 pater

86 837 169 919 (ter)
186 841 271 899 filium
294 859 394 899 uenum
420 842 489 914 duit,
506 840 576 898 iilius
594 833 642 916 (a)
656 850 734 916 patre
748 841 818 898 liber
833 838 934 900 csto'.⁴
971 859 1064 916 eaque

84 943 136 984 res
160 929 198 984 ita
220 927 329 1000 agitur:
353 928 487 1002 mancipat
502 936 580 1000 pater
595 925 680 984 filium
695 925 791 996 aiicui;
814 928 837 983 is
859 943 922 984 eum
945 927 1063 985 uindicta

84 1013 272 1068 manumittit:
295 1029 328 1068 eo
352 1013 423 1070 iacto
444 1013 594 1070 reuertitur
615 1012 644 1068 in
667 1016 831 1084 potestatem
845 1014 946 1085 patris3
962 1014 986 1068 is
1001 1028 1063 1068 eum

84 1098 193 1152 iterum
215 1098 349 1170 mancipat
372 1096 416 1154 nel
440 1097 525 1153 eidem
549 1096 594 1154 uel
616 1096 662 1152 alii
685 1093 738 1168 (set
763 1097 791 1151 in
813 1113 866 1152 usu
891 1106 949 1169 cst,
976 1097 1063 1153 eidem

84 1181 250 1255 mancipari)
279 1183 357 1254 isque
387 1198 449 1238 eum
471 1190 567 1254 postea
589 1181 716 1238 similiter
741 1180 860 1236 uindicta
882 1182 1063 1249 manumittit3

85 1282 122 1322 eo
147 1265 221 1321 iacto
237 1258 331 1342 (cum)
354 1283 449 1322 rursus
472 1266 498 1325 in
523 1274 687 1339 potestatem
708 1265 793 1338 patris
808 1265 891 1323 tuerit
905 1260 1065 1335 reiterans,⁵

86 1351 175 1406 tertio
199 1358 276 1424 pater
298 1367 359 1408 eum
388 1351 523 1423 mancipat
551 1350 596 1407 uel
622 1350 709 1407 eidem
737 1349 782 1406 uel
809 1349 854 1405 atii
882 1344 940 1429 (set
963 1351 1063 1406 hocin

87 1451 145 1490 usu
168 1443 227 1504 est,
256 1444 287 1490 ut
314 1435 400 1492 eidem
423 1434 607 1507 mancipetur)
629 1451 723 1508 eaque
741 1436 939 1509 mancipatione
965 1437 1064 1492 desinit

85 1522 118 1576 in
145 1527 287 1592 potestate
310 1521 399 1591 patris
427 1535 503 1592 esse,
531 1521 634 1577 etiamsi
660 1519 782 1576 nondum
809 1522 990 1578 manumissus
1016 1520 1063 1591 sit,

88 1613 134 1660 set
159 1604 248 1661 adhue
275 1605 303 1662 in
329 1621 410 1662 eausa
432 1605 556 1678 mancipii
574 1598 600 1682 1⁸

171 1737 190 1806 1)
205 1739 250 1788 Eae
274 1735 333 1796 Vn,-
352 1755 417 1804 quae
437 1741 490 1805 lepi
507 1753 558 1789 non
573 1746 729 1804 potuerunt,
749 1739 786 1788 ad
797 1754 899 1789 sensum
915 1747 940 1789 et
953 1741 1064 1803 spatium

88 1812 219 1874 supplevi.
291 1807 449 1876 ²)Sequitur
464 1813 534 1860 tinea
548 1826 640 1861 vacue.
710 1805 733 1875 ⁸)
747 1809 870 1860 aalma.
885 1809 973 1876 ein.
987 1811 1028 1860 ed.
1043 1822 1064 1862 t.

89 1882 196 1932 addidi.
274 1878 295 1946 ⁴)
311 1881 356 1930 Ea
375 1877 434 1938 Vm,-
448 1899 471 1931 u.
486 1889 524 1931 ter
533 1889 595 1945 post
608 1890 679 1946 pater
692 1882 860 1932 aemumitius
873 1881 976 1932 eccidit
989 1897 1065 1947 quam

85 1960 151 2017 post
165 1953 254 2016 iiiium3
270 1968 420 2019 quanquam¹
433 1953 489 2018 Ulp.
509 1965 544 2018 10,
563 1965 584 2004 1.
603 1953 757 2005 accuratius
770 1951 849 2003 uerba
862 1955 928 2019 tepis
944 1955 1065 2004 retulisse

89 2025 205 2075 videtur.
270 2022 291 2091 ὅ)
307 2025 352 2074 Eae
367 2025 394 2075 V
393 2021 414 2057 'i
426 2027 464 2075 ita
478 2027 551 2075 loeus
565 2024 608 2075 hie
622 2032 649 2074 et
662 2027 745 2088 paulo
754 2026 982 2088 postreficiendus
993 2026 1064 2075 cide·

90 2096 178 2145 batur.
210 2094 400 2160 Confirmarunt
413 2095 504 2160 Suppl.
518 2094 556 2145 St.
567 2112 596 2160 p.
615 2093 710 2145 XXV.
776 2092 797 2159 ⁰)
815 2095 888 2144 Nihil
898 2096 959 2159 sere
972 2098 1000 2144 in
1014 2096 1065 2145 ttae

86 2168 192 2233 papiae
206 2168 259 2232 ispi
268 2170 367 2231 potuit,
388 2169 440 2217 nisi
458 2184 475 2217 a
489 2166 573 2225 Sinti„
588 2168 747 2231 praesertim
761 2168 788 2215 in
801 2165 892 2230 Suppt.
904 2167 964 2230 sere
986 2166 1066 2216 hoec:

91 2255 116 2288 u.
131 2250 153 2289 o.
168 2245 268 2301 patrono
285 2240 309 2287 in
324 2239 394 2288 bonis
409 2236 546 2303 lib(erti?),
566 2254 588 2287 u.
603 2249 629 2288 11
645 2237 915 2299 initiomancipationc
935 2244 1021 2287 exeunt
1035 2238 1064 2286 dc

92 2308 170 2373 patris
184 2317 240 2372 pote
255 2338 289 2347 -
303 2326 327 2359 o.
342 2310 465 2360 timedio
484 2308 690 2376 m(snn)m(issae)
707 2309 808 2370 inerint;
827 2316 855 2358 ut
876 2308 959 2358 Gaius
975 2309 1019 2358 itia
1032 2310 1065 2359 de

92 2383 153 2430 iure
163 2382 252 2444 patris
266 2382 468 2445 emancipationis
483 2384 511 2430 in
525 2380 598 2432 benis
608 2382 766 2444 emancipati
777 2380 865 2431 eodem
875 2381 936 2445 fere
950 2396 983 2430 ac
997 2381 1067 2446 quod

93 2453 277 2502 manumissent
290 2454 318 2502 in
332 2450 406 2502 bonis
420 2451 507 2502 tiberii
522 2454 649 2515 competit,
663 2454 748 2517 episse
760 2453 890 2511 uideatur,
900 2459 993 2515 postea
1003 2468 1064 2502 uero

93 2524 127 2572 aie
149 2522 237 2572 eodem
260 2525 474 2587 emancipationis
498 2532 645 2573 ceterarum
658 2530 769 2586 praeter
788 2524 875 2586 fitium
888 2539 1064 2587 personarum

94 2593 287 2651 termulanae
305 2596 462 2659 mancipatio
480 2602 506 2645 et
524 2596 689 2644 manumissio
708 2594 863 2657 sufficiebat.
896 2596 967 2659 qnod
976 2597 1065 2658 firmat

97 2664 159 2715 Gaii
172 2666 231 2728 epit.
260 2666 352 2732 Itaque
371 2668 398 2715 in
409 2668 503 2730 priore
517 2668 635 2731 popinae
651 2672 729 2729 parte
742 2662 824 2715 'initio
838 2665 994 2729 sequebatur
1005 2666 1065 2728 fere

96 2734 144 2786 ‘sit
160 2736 232 2800 apud
244 2752 309 2796 eum,
323 2738 367 2787 cui
380 2739 543 2801 mancipatus
556 2745 601 2787 est.
625 2737 745 2801 aquosi
755 2750 850 2785 rursus
861 2738 1064 2793 manumittatur,

95 2810 138 2858 sui
151 2809 219 2857 iuris
230 2805 282 2870 fit’.
312 2808 415 2858 Rursus
432 2809 497 2859 iaec
516 2824 582 2873 quae
600 2809 766 2871 emcepere'nt,
786 2808 909 2871 cepnasci
927 2808 979 2855 iam
993 2814 1064 2856 certo

93 2885 225 2943 potestate
242 2878 302 2929 Gaii
315 2882 375 2943 epit.
387 2891 407 2942 1,
422 2891 443 2931 e.
458 2882 481 2942 §-
493 2892 506 2931 s
519 2881 599 2929 meet:
614 2876 727 2928 ‘Tamen
740 2894 797 2927 cum
810 2880 888 2929 tertia
901 2880 1066 2942 mancipatas

39 2992 40 2999 ,
95 2952 178 3014 suerit
188 2952 261 3013 filias
275 2966 291 3000 a
301 2959 380 3015 patre
393 2953 512 3001 naturali
522 2952 665 3013 fiduciario
676 2951 760 3013 patri,
774 2949 824 3000 iton
837 2965 916 3015 apere
930 2949 1006 2999 dehet
1018 2965 1064 2999 na·

39 3022 42 3071 t
97 3023 192 3072 turatis
201 3029 288 3084 pater,
303 3030 331 3072 ut
344 3024 370 3071 ei
383 3038 400 3071 a
411 3022 554 3086 fiduciario
564 3029 644 3085 patre
656 3023 858 3085 remancipetur,
878 3028 904 3071 et
918 3038 934 3071 a
948 3023 1066 3071 naturali

94 3100 171 3157 patre
185 3095 387 3153 manumittatur,
403 3101 431 3143 ut
439 3096 464 3144 si
473 3096 546 3157 silius
556 3095 601 3143 itte
610 3100 727 3144 mortuus
737 3092 830 3155 fuerit,
845 3095 870 3143 ei
884 3096 911 3142 in
921 3093 1065 3143 hereditate

98 3165 226 3215 naturalis
243 3172 327 3227 pater,
347 3180 398 3215 non
413 3166 579 3228 fiduaiarius,
598 3165 729 3215 succedat.
765 3164 885 3213 Feminae
906 3167 947 3213 uei
961 3171 1065 3227 nepotes

98 3236 205 3285 maseati
222 3251 257 3284 eae
275 3237 330 3295 titio
345 3252 397 3285 una
410 3238 616 3300 emancipatione
634 3236 667 3285 de
680 3237 770 3299 putris
788 3238 831 3285 uet
844 3238 891 3286 aui
908 3242 1003 3284 exeunt
1015 3248 1064 3297 pa-

99 3313 188 3357 testate
206 3314 230 3356 et
248 3309 290 3356 sui
309 3308 376 3356 iuris
395 3308 553 3371 efficiuntur.
583 3306 618 3356 Et
635 3307 665 3355 tn·
682 3308 735 3371 ipsi
748 3307 887 3371 quamlibet
900 3322 954 3354 uno
967 3305 1064 3353 manai-

95 3379 201 3442 patione
213 3378 245 3427 de
255 3380 344 3441 patris
359 3380 400 3427 uel
413 3380 459 3427 oui
469 3386 597 3442 potestate
611 3385 719 3436 exeant,
738 3379 792 3427 nisi
805 3393 821 3426 a
831 3384 910 3440 patre
922 3375 1065 3437 fiduciario

169 3498 195 3569 ξ.
212 3503 271 3551 132.
288 3502 326 3565 Of.
345 3500 402 3551 Gai.
417 3503 477 3565 epit.
493 3514 513 3564 1,
528 3514 549 3553 ε.
569 3504 593 3564 ξ.
608 3514 628 3553 ε.
654 3501 786 3565 tltp.1o,1.
806 3501 829 3560 ξ.
844 3510 865 3549 o.
885 3497 987 3561 antt.
997 3498 1063 3547 noct.

100 3576 116 3622 i.
131 3580 187 3637 pat.
202 3575 263 3622 sota.
280 3571 312 3639 (1,
328 3570 377 3638 1a);
402 3572 475 3635 infra
489 3575 513 3633 §-
529 3584 575 3624 1sa.
595 3584 616 3635 a,
632 3583 679 3625 εει.
698 3583 720 3633 s,
734 3582 755 3621 c.
774 3581 844 3632 eas.
869 3568 978 3631 Dionys.
993 3580 1015 3629 ε,
1029 3578 1063 3618 aa.
