2550 4000
397 207 521 272 166
1265 228 1439 263 οΑινε.

389 348 1832 495 ἓέῗςᾝῗῖᾳξὴῖἒέἓὲῗμ’ὲζὼέἓὲῗζῗοῗζῗῦἓέἃῗ
1853 348 2150 486 ξέὲὲἓέο
2166 365 2305 471 ⁸222

388 485 742 551 per1t1ss1m1s
778 483 1156 537 urinatoribus
1179 498 1371 537 omma
1405 485 1643 553 contigit
1666 500 1903 538 servare.
1962 484 2083 537 Nec
2106 486 2301 538 tamen

386 550 626 603 multum
661 551 810 604 ultra
834 550 1110 604 decimam
1133 553 1354 619 partem
1379 552 1564 618 operis
1587 552 1823 616 interiit,
1847 553 1907 604 et
1929 567 2058 605 cum
2082 550 2303 628 aliquid

392 633 462 671 ex
497 617 826 683 Collatione,
865 634 934 672 ex
958 618 1281 671 Alariciana
1302 618 1579 686 Epitoma,
1619 618 1862 695 denique
1896 634 1966 672 ex
2002 617 2304 672 Iustiniani

388 685 840 740 Institutionibus
895 687 953 738 et
994 684 1242 754 Digestis
1296 686 1482 754 potuit
1533 687 1814 750 resarciri,
1865 686 1988 739 tum
2040 685 2302 752 repetitis

389 754 638 806 virorum
675 753 966 805 doctorum
1003 753 1146 806 curis
1184 752 1445 806 effectum
1484 755 1586 818 est,
1624 755 1690 806 ut
1722 753 1836 806 iam
1869 753 1929 805 in
1965 755 2160 807 nostra
2184 752 2303 804 edi—

387 820 541 872 tione
577 835 690 873 non
724 820 963 872 multum
998 819 1146 872 ultra
1189 820 1554 873 tredecimam
1637 821 1818 874 artem
1860 819 2068 888 integri
2111 819 2303 886 operis

390 886 753 1006 desidteretur,
778 887 936 940 cuius
959 888 1207 940 iacturae
1232 903 1411 955 paene
1438 838 1728 941 dimidium
1755 888 1977 955 spectat
1999 886 2073 940 ad
2090 886 2303 939 librum

390 967 530 1018 quar
558 970 670 1008 um.

522 1037 848 1092 Editionum
865 1038 1107 1091 indicem
1126 1039 1621 1104 accuratissimum,
1641 1039 1849 1093 additis
1868 1040 2040 1093 etiam
2059 1039 2301 1094 aliarum
2322 1045 2404 1094 [⁹9]

389 1106 923 1159 commentationum
948 1105 1146 1171 titulis,
1182 1123 1326 1174 quae
1364 1106 1435 1158 ad
1473 1106 1852 1161 emendandas
1886 1107 1979 1161 vel
2014 1106 2302 1160 illustran-

389 1172 490 1227 das
515 1172 642 1227 Gaii
666 1173 1052 1227 Institutiones
1089 1173 1319 1238 faciunt,
1356 1173 1733 1250 Boeckingius
1769 1173 2012 1228 confecit
2043 1174 2103 1226 in
2179 1188 2303 1226 rae-

388 1239 600 1294 fatione
646 1257 781 1296 suae
829 1241 1123 1306 editionis,
1209 1257 1284 1293 ua
1327 1242 1414 1294 ter
1456 1242 1701 1307 repet1ta
1738 1242 2111 1318 (postremum
2192 1240 2302 1309 ips.

393 1311 560 1373 1855.)
605 1308 725 1376 ipse
772 1307 842 1361 de
879 1307 1021 1361 Gaio
1068 1309 1127 1361 et
1162 1258 1392 1384 gaianis
1428 1308 1629 1361 studiis
1676 1309 1888 1384 optime
1924 1308 2160 1362 meritus
2196 1317 2303 1361 est.

390 1372 545 1437 Quae
580 1377 711 1442 post
743 1375 889 1428 hanc
926 1374 1046 1429 sola
1078 1374 1306 1442 prod1it,
1331 1375 1544 1428 inserta
1580 1375 2027 1428 ‘Institutionum
2053 1376 2113 1428 et
2135 1391 2302 1443 regu-

387 1440 569 1494 larum
611 1441 746 1495 iuris
790 1441 949 1496 Rom.
996 1442 1384 1510 syntagmati',
1439 1458 1473 1494 a
1515 1442 1659 1496 Rud.
1705 1441 1906 1496 Gneist
1958 1442 2103 1510 Lips.
2152 1447 2303 1496 1858.

391 1507 562 1574 edito,
597 1524 700 1577 pro
735 1508 911 1561 totius
947 1509 1112 1575 synta
1151 1510 1317 1562 matis
1351 1509 1569 1562 ratione
1596 1509 1883 1576 ceteroqui
1907 1525 2054 1563 novo
2080 1525 2145 1562 ac
2170 1524 2303 1562 con·

391 1575 539 1628 sulto
568 1575 802 1630 consilio
827 1575 1088 1641 instituti,
1139 1576 1385 1629 ectiones
1408 1577 1630 1644 magis(
1674 1577 1838 1629 artim
1863 1577 2036 1644 bene)
2062 1576 2304 1630 selectas

390 1657 561 1764 guam
585 1659 759 1696 novas
781 1644 1045 1711 praestat.
1106 1643 1190 1696 Ex
1215 1643 1565 1711 superiorum
1590 1594 1903 1697 editionum
1926 1659 2159 1696 numero
2183 1645 2306 1696 tres

443 1710 844 1775 oeschenanae,
883 1726 1027 1778 quae
1065 1711 1265 1764 ceteris
1302 1711 1583 1778 omnibuS,
1623 1710 1830 1765 codicis
1864 1711 2140 1778 scriptura
2174 1709 2304 1762 dili·

390 1779 590 1847 genter
626 1779 872 1843 enotata‚
908 1777 1068 1845 quasi
1102 1777 1473 1831 fundamenta
1506 1779 1707 1843 iecere,
1744 1793 1904 1846 segre
1981 1777 2124 1830 ndae
2148 1777 2303 1842 sunt,

389 1846 650 1914 princeps
685 1845 867 1899 Berol.
895 1860 943 1898 a.
977 1850 1119 1898 1820.
1156 1845 1460 1912 publicata,
1498 1845 1694 1910 altera,
1719 1861 1864 1912 quae
1931 1843 2305 1897 iffieilioribus

391 1911 598 1965 codicis
632 1912 770 1965 locis
807 1929 842 1966 a
867 1911 1122 1964 Bluhmio
1161 1912 1347 1964 denuo
1383 1913 1667 1979 inspectis,
1708 1913 1827 1965 eius
1862 1910 2083 1965 schedis
2120 1911 2304 1963 ditata

388 1978 601 2049 prodiit
634 1994 683 2033 a.
725 1984 900 2046 1824„
938 1980 996 2033 et
1028 1980 1226 2045 tertia,
1272 1980 1401 2047 post
1436 1977 1747 2034 Goescheni
1792 1979 2008 2033 obitum
2054 1994 2089 2031 a
2121 1976 2302 2032 Lach-

389 2062 595 2101 manno
631 2062 680 2102 a.
723 2052 868 2103 1842.
904 2049 1308 2101 consummata.

523 2133 611 2187 Ad
635 2134 953 2202 postremae
977 2148 1230 2187 normam
1255 2137 1447 2186 nostra
1470 2148 1693 2199 quoque
1719 2131 1894 2185 editio
1918 2130 2176 2184 instituta
2196 2138 2297 2195 est,

387 2203 470 2255 ita
503 2204 694 2255 tamen
730 2202 794 2253 ut
829 2202 999 2253 etiam
1024 2200 1271 2253 Boeckin
1315 2200 1475 2253 ianae
1501 2198 1851 2263 novissimae,
1878 2213 2022 2266 qnae
2048 2197 2303 2251 omnium

389 2268 629 2322 maxime
667 2267 1000 2332 celebratur,
1037 2268 1181 2319 ratio
1217 2268 1291 2318 ha
1333 2269 1537 2319 eretur.
1610 2265 1730 2320 Nec
1764 2268 1954 2319 tamen
1990 2265 2204 2330 omnia,
2240 2265 2304 2318 in

433 2335 596 2387 uibus
621 2334 692 2386 ab
717 2334 803 2386 his
829 2333 1167 2387 editionibus
1192 2332 1632 2399 deflecteremus,
1659 2332 1718 2386 in
1742 2332 1888 2386 notis
1913 2331 2304 2385 indicavimus.

391 2352 629 2455 {hartae
666 2400 1009 2467 parcendum
1046 2401 1182 2453 erat.
1255 2401 1450 2467 Itaque
1498 2400 1761 2462 levicula,
1812 2414 1923 2465 quo
1968 2400 2027 2452 in
2066 2416 2303 2453 numero

391 2471 633 2521 maxime
669 2467 742 2521 ad
777 2466 1231 2535 orthographiam
1267 2467 1611 2535 pertinentia
1645 2468 1798 2527 sunt,
1847 2467 2019 2520 tacite
2058 2467 2304 2521 correxi·

390 2552 540 2597 muS,
578 2534 672 2587 vel
706 2535 858 2602 quod
891 2534 949 2586 in
986 2550 1045 2587 re
1082 2536 1378 2602 tantopere
1414 2535 1485 2587 ab
1524 2534 1755 2587 arbitrio
1790 2532 2073 2602 pendente
2112 2533 2302 2587 dicere

390 2604 660 2671 praestat,
706 2600 1061 2655 mutavimus.
1130 2601 1431 2655 Praeterea
1473 2602 1532 2654 in
1578 2602 1843 2655 contextu
1888 2601 2089 2654 litteris
2134 2600 2304 2653 rectis

393 2669 782 2738 expressimuS,
822 2684 966 2737 quae
999 2670 1058 2721 in
1096 2668 1285 2722 codice
1321 2670 1609 2738 leguntur,
1646 2668 1957 2732 inclinatis,
1993 2682 2138 2736 quae
2175 2684 2305 2736 sup·

433 2739 549 2792 leta
589 2737 682 2791 vel
705 2738 925 2790 mutata
947 2737 1090 2789 sunt.
1155 2736 1422 2790 Stellulae
1447 2736 1685 2790 totidem
1721 2735 2040 2804 significant
2063 2734 2302 2799 litteras,

379 2816 386 2823 ·
413 2806 593 2870 ineae,
633 2804 678 2857 si
713 2804 998 2858 breviores
1023 2804 1168 2865 sunt,
1205 2803 1448 2870 syllabas
1470 2804 1643 2855 trium
1666 2802 1784 2856 fere
1808 2803 2145 2865 litterarum,
2181 2801 2303 2855 lon·

390 2873 575 2940 giores
620 2872 954 2939 interposito
1001 2887 1052 2923 v.
1100 2872 1247 2923 totos
1294 2885 1511 2937 versus,
1566 2870 1663 2938 qui
1707 2885 1813 2924 nec
1858 2870 1975 2947 legi
2018 2885 2122 2924 nec
2175 2870 2301 2922 tuto

391 2939 644 3016 suppleri
677 2939 998 3007 potuerunt.
1073 2935 1137 2989 In
1183 2937 1436 3006 margine
1486 2936 1759 2991 exteriore
1807 2952 2045 3006 paginas
2079 2938 2303 2990 tantum

392 3004 662 3074 primitivi
699 3005 922 3069 codicis,
960 3019 1104 3070 quae
1142 3005 1456 3071 supersunt,
1494 3003 1936 3068 numeravimus;
1976 3004 2179 3071 quibus
2204 3002 2302 3056 ad-

393 3074 576 3125 ditum
597 3073 660 3127 ‘t.
681 3080 745 3124 s.’
767 3072 988 3138 spectat
1011 3070 1081 3124 ad
1101 3073 1189 3124 ter
1207 3071 1443 3139 scriptas
1461 3070 1835 3134 (Goeschenoz
1863 3070 1949 3124 bis
1966 3071 2134 3124 rescri
2177 3071 2303 3131 tas).

391 3140 579 3193 Etiam
615 3154 801 3192 versus
836 3138 1040 3191 codicis
1076 3139 1443 3207 distinguere,
1492 3138 1597 3190 nisi
1643 3138 1741 3191 ubi
1774 3137 2063 3203 intererat,
2100 3138 2120 3190 i
2196 3139 2301 3200 est,

396 3206 489 3258 uhi
541 3222 681 3258 ianuar
729 3205 1003 3270 quaedam
1049 3206 1122 3261 ad
1167 3205 1497 3259 schedarum
1542 3205 1743 3259 ductus
1790 3204 2190 3273 supplevimus,
2238 3206 2306 3255 ut

396 3278 633 3326 otiosum
677 3290 777 3322 [πῃ.
817 3272 1046 3338 placuit.
1102 3273 1166 3326 In
1191 3274 1388 3326 critica
1412 3272 1775 3327 adnotatione
1800 3272 1950 3341 ipsos
1974 3272 2305 3325 schedarum

396 3346 593 3394 rhu-...tus
637 3358 685 3390 re
701 3342 1052 3406 [jz-sariesentare
1077 3340 1237 3393 initio
1263 3340 1691 3404 constitueram3
1730 3340 1829 3394 sed
1855 3355 1984 3392 mox
2010 3338 2305 3391 consilium

396 3410 737 3462 dit'tl..·:ult;1.ti.÷
785 3409 1010 3474 plenum
1056 3408 1235 3460 abieci
1284 3408 1525 3461 maxime
1570 3409 1871 3476 postquam
1907 3404 2300 3468 animadverti,

396 3494 561 3542 qnam
613 3478 753 3526 malr:
805 3474 857 3526 ul
894 3474 1234 3543 Boeckingio
1282 3474 1537 3551 quamvis
1584 3474 2010 3543 diligentissimo
2058 3470 2303 3526 cesserit.

398 3546 589 3611 Imque
629 3546 729 3594 lma:
769 3546 925 3611 parte
963 3542 1306 3596 Lachmanni
1342 3541 1516 3595 editio
1562 3540 1822 3595 adeunda
1868 3542 1967 3594 est.
2038 3538 2302 3607 Denique
