2550 4000
458 885 709 939 (aonnarraarrs
720 883 874 938 ornares.)
1150 904 1212 954 w]
1268 877 1271 904 r

124 1027 183 1078 489.
256 1015 281 1075 1.
302 1016 469 1091 ’Superest‚
486 1025 517 1074 at
530 1018 566 1074 de
581 1018 742 1075 actionibus
755 985 918 1090 lopnomar.
964 1017 1002 1074 Et
1018 1019 1045 1073 si
1058 1033 1152 1091 qaae·

194 1095 318 1174 ramas,¹
334 1113 403 1175 quot
418 1117 519 1176 genera
534 1103 670 1158 actionum
685 1103 750 1172 sint,
766 1102 859 1158 uerius
875 1099 990 1163 uidetur.
1006 1100 1061 1157 (luo
1078 1117 1150 1174 esse,

193 1190 220 1244 in
235 1203 292 1244 rem
307 1195 335 1243 et
350 1189 377 1242 in
394 1201 550 1261 personam:
567 1202 628 1241 nam
644 1187 691 1258 qul
702 1201 753 1242 1111
768 1201 828 1241 esse
843 1183 969 1241 dixerant
979 1201 1012 1241 ex
1022 1187 1150 1258 sponsio·

193 1289 259 1329 num
274 1269 435 1346 generibus,
451 1285 506 1326 non
520 1269 785 1341 animaduerterunt,
801 1267 929 1343 quasdam
944 1270 1049 1342 speeies
1064 1271 1149 1326 actio·

193 1370 257 1411 uum
278 1356 349 1410 later
371 1370 472 1426 genera
491 1370 522 1409 se
542 1353 691 1410 rettulisse.
736 1349 765 1412 2.
788 1353 817 1410 ln
838 1368 981 1426 personam
1000 1355 1071 1410 actio
1093 1361 1149 1424 est,

194 1454 246 1511 qua
260 1430 385 1512 agimus²
400 1453 461 1494 cum
476 1437 581 1510 aliquo,
604 1439 650 1510 qui
673 1437 749 1494 nobis
770 1436 815 1493 uel
837 1453 868 1492 ex
890 1444 1031 1493 contractu
1055 1436 1100 1493 uel
1115 1453 1150 1493 ex

194 1521 294 1578 delicto
310 1520 445 1594 obligatus
461 1527 513 1590 est,
529 1520 626 1592 idest,
643 1522 770 1595 quotiens
790 1512 882 1577 'eum³
895 1521 1057 1576 intendimus
1072 1520 1149 1588 dare,

193 1605 299 1676 lacere,
319 1596 477 1678 praestare⁴
498 1612 635 1678 oportere.
679 1601 708 1662 3.
731 1604 760 1660 ln
782 1619 841 1660 rem
861 1605 929 1661 aetlo
945 1613 1001 1674 est,
1023 1621 1085 1661 cum
1100 1613 1150 1662 aut

193 1688 364 1763 corporalem
390 1703 447 1744 rem
473 1687 636 1744 intendimus
658 1697 779 1745 nostram
800 1703 875 1758 esse,
901 1691 1014 1745 antius
1036 1688 1149 1762 aliquod

193 1772 272 1830 nohis
287 1781 443 1846 conpetere,
459 1771 535 1829 uelut
550 1772 647 1829 utendi
659 1779 706 1828 aut
722 1771 934 1842 utendllruendi‚
945 1771 1037 1844 eundi,
1049 1772 1148 1846 agendi

193 1873 324 1930 squamus
349 1855 463 1913 ducendi
486 1855 530 1913 uel
557 1856 639 1912 altius
666 1856 777 1912 tollendi
801 1855 1039 1929 prospiciendiue,
1072 1854 1149 1930 ⁵(ant

193 1937 271 2016 cam)
287 1935 376 1999 actio⁵
392 1957 424 1996 er
440 1939 548 1996 diuerso
561 1939 716 1998 aduersario
729 1948 771 1996 est
783 1941 921 2015 regalius.
953 1937 982 1995 4.
999 1939 1043 1998 Sic
1054 1941 1151 2016 ltaque

266 2124 288 2195 ¹)
303 2128 368 2179 Fere
381 2143 417 2177 eac
432 2126 524 2178 Gasall.
539 2131 571 2191 cp'.
586 2130 697 2177 restitui.
727 2127 832 2177 Primus
846 2140 936 2179 versas
951 2127 977 2178 G.
993 2142 1050 2177 aum
1069 2128 1151 2178 initio
1273 2106 1274 2175 l

192 2201 303 2249 alterins
317 2200 413 2249 titteris
431 2213 536 2249 vacans.
601 2194 622 2264 ¹)
642 2197 735 2248 Vocem
754 2200 876 2262 quotiens,
896 2214 970 2263 qaam
987 2198 1062 2248 addit
1078 2197 1104 2247 G.
1119 2206 1150 2247 ut

190 2271 329 2336 sopitivum
343 2284 412 2319 nano
424 2283 471 2319 sao
486 2270 542 2319 toao
552 2276 613 2332 post
627 2269 651 2318 io
665 2276 702 2319 est
715 2270 830 2327 restitui,
845 2268 889 2318 nbi
902 2270 996 2319 omissa
1009 2268 1105 2332 effecit,
1119 2276 1151 2317 at

193 2339 269 2406 c(um)
284 2339 443 2391 scriberetur
452 2354 505 2403 pro
520 2354 581 2388 eum.
616 2336 674 2403 ‘qua
688 2340 791 2401 agimus,
807 2340 916 2403 quotiens
930 2353 984 2389 cum
998 2339 1092 2403 aliquo,
1106 2340 1149 2403 qui

194 2447 200 2459 .
216 2446 223 2459 .
239 2447 245 2459 .
261 2446 267 2459 .
283 2417 332 2471 est,
345 2406 559 2475 -(eontcndimas)'
579 2424 615 2458 ere
632 2410 737 2460 Laolm.
758 2412 791 2473 ci.
806 2410 846 2459 ed.
860 2409 908 2476 Bp.
929 2408 986 2475 (sed
998 2425 1021 2459 a.
1036 2410 1150 2473 quotieas

193 2481 297 2530 uncinis
315 2481 416 2529 inclusa
434 2479 472 2527 ed.
487 2489 508 2530 a.
527 2479 620 2528 omissa
640 2481 678 2530 ed.
698 2479 782 2545 stad.)
847 2476 903 2546 ³)e'
920 2480 945 2530 0.
964 2494 1018 2529 aum
1037 2480 1096 2529 edd.
1111 2480 1147 2542 cf.

193 2557 245 2600 not.
260 2562 281 2602 9.
311 2548 376 2599 Nam
389 2563 505 2612 persona
523 2549 566 2599 lio
584 2551 684 2600 minime
705 2552 787 2601 omitti
801 2558 913 2614 poterat.
977 2547 1000 2616 ⁴)
1014 2551 1149 2613 praestaria

195 2621 221 2671 0.
238 2621 353 2684 sortasse
366 2627 488 2683 praestem
503 2617 601 2685 n(obis).
624 2620 711 2670 Etiam
724 2629 847 2685 praestare
861 2618 910 2686 (‘et
923 2621 985 2671 aliis
995 2621 1149 2685 quibasdam

193 2688 286 2743 modie'
302 2689 377 2758 Inst.)
391 2697 461 2740 recte
474 2690 557 2749 nabet,
572 2706 622 2755 qaa
636 2694 738 2742 incerta
751 2692 797 2741 sed
810 2693 846 2741 ad
855 2706 994 2755 personam
1007 2698 1033 2741 et
1046 2694 1150 2755 eulpam

192 2770 322 2827 spectante
332 2763 504 2826 appellatione
515 2761 597 2811 Gaias
605 2764 735 2812 aetianam
744 2777 778 2812 ex
788 2763 882 2813 delicta
896 2763 1052 2812 venientium
1065 2764 1149 2812 inten-

193 2836 276 2885 tiones
290 2835 392 2883 videtur
407 2833 540 2897 complecti
554 2834 672 2883 voluisse.
703 2832 741 2895 Of.
757 2832 788 2882 L.
803 2844 870 2897 apr.
890 2834 922 2882 Ι).
937 2833 970 2883 de
988 2832 1038 2883 abt,
1058 2840 1083 2883 et
1096 2839 1148 2883 aot.

193 2903 239 2971 (44,
253 2903 284 2970 t).
309 2904 340 2953 L.
356 2903 438 2953 naor.
458 2919 480 2953 o.
495 2915 529 2954 ss.
586 2899 607 2967 ⁶)
621 2910 651 2951 ao
667 2902 692 2953 0.
717 2910 776 2952 ante
795 2903 864 2968 qaod
880 2905 963 2953 simile
981 2911 1010 2952 tc
1028 2906 1149 2953 omissam

193 2976 302 3024 videtur.
331 2972 433 3039 (quibas
447 2972 559 3039 casibus)
572 2975 656 3037 suppl.
671 2972 785 3024 Mamas.
805 2976 832 3023 in
846 2972 920 3024 Stant.
935 2974 975 3023 ed.
994 2974 1042 3025 sed
1059 2975 1149 3025 dicen·

193 3044 253 3093 dam
266 3044 404 3093 mathana
418 3045 544 3094 actionem
558 3045 586 3093 in
599 3059 653 3093 rem
667 3058 730 3094 esse.
759 3046 793 3109 cf.
809 3046 833 3107 ξ.
848 3055 867 3094 2.
884 3044 905 3093 I.
920 3044 944 3094 la.
959 3051 976 3094 t.

264 3215 308 3288 ἐξ
325 3221 400 3270 1-3.
422 3218 460 3282 Cf.
467 3234 511 3282 pr.
526 3220 565 3281 §5-
576 3230 596 3269 1.
607 3230 627 3269 2.
647 3218 712 3269 Lae
726 3226 775 3269 act.
786 3218 817 3285 (4,
828 3217 858 3283 a).
874 3217 990 3269 Ianenal.
1005 3231 1039 3281 re,
1050 3232 1147 3273 99-44.

194 3292 226 3340 L.
243 3302 269 3344 25
279 3306 322 3354 pr.
337 3291 360 3352 5.
376 3301 396 3339 1.
415 3289 447 3338 D.
462 3290 494 3339 de
508 3289 556 3339 obl.
571 3296 596 3339 et
609 3296 660 3339 aot.
675 3287 721 3354 (44,
735 3289 771 3354 9);
791 3291 863 3353 infra
877 3290 900 3351 ἕ.
915 3301 950 3340 44.
975 3287 1030 3357 1111]
1052 3290 1074 3356 1)
1087 3306 1146 3354 per·

192 3364 291 3411 sonatis
305 3362 389 3414 actio:
411 3359 435 3426 2)
444 3361 571 3423 petitoria
582 3361 713 3423 formala;
731 3359 754 3426 9)
769 3363 796 3409 in
815 3376 867 3409 rem
881 3361 950 3409 aatt'o
964 3376 1016 3423 per
1029 3362 1147 3425 maasia·

194 3448 261 3490 nem,
283 3434 357 3482 anias
375 3445 471 3480 samma
486 3445 536 3493 per
551 3431 704 3493 sarmatam,
729 3439 754 3480 et
770 3433 794 3494 4)
808 3446 859 3494 per
879 3432 1054 3493 sponsionem,
1073 3434 1148 3481 caius

192 3515 288 3550 samma
301 3502 457 3551 sacramenti
470 3502 573 3550 actione
583 3505 690 3563 petitur.
721 3501 759 3564 Cf.
774 3514 795 3559 4,
809 3512 842 3551 91.
857 3511 890 3553 99.
946 3496 972 3568 ἓ
987 3504 1011 3553 4.
1075 3504 1098 3564 §-
1112 3512 1146 3552 u.

193 3568 615 3633 Lta.0f.e,ro.s‚ss.1so.1oo.
668 3638 670 3642 Ι
