2550 4000
213 192 278 260 392
488 189 886 246 ourmsrm.IV.134-136.

139 339 202 388 235·
211 337 276 400 134.
295 381 302 397 .
316 381 324 399 .
337 378 345 396 .
358 380 365 395 .
379 342 409 396 iu
424 330 586 456 intenptione
600 336 730 396 formulae
744 335 812 394 ’de
804 353 867 395 rure
885 342 1046 411 quaeritur,
1057 337 1084 394 id
1096 349 1149 410 est,
1154 331 1166 374 ¹

188 402 257 482 ⁸cui
271 423 340 481 'dari
354 432 499 498 oporteat,
528 431 557 480 et
571 439 635 478 sane
651 422 759 478 domiuo
775 420 835 478 dari
848 429 968 495 oportet,
982 422 1055 496 quod
1067 439 1168 480 seruus

212 507 374 582 stipulatum
400 514 426 564 st
446 508 474 563 iu
493 507 704 581 praescriptione
730 504 762 561 dc
785 498 888 578 'sacto³
909 507 1063 578 quaeritur,
1090 506 1166 578 quod

211 591 359 650 secuudum
378 590 527 648 naturalem
543 588 766 665 significationem
784 605 879 646 uerum
896 605 957 646 esse
968 589 1059 646 debet..
1097 587 1166 648 185.

212 675 399 748 Quaecumque
413 682 502 730 cutem
518 673 632 731 diximus
644 673 677 729 dc
689 673 784 744 seruis,
797 673 888 729 eodem
900 673 932 729 de
945 675 1041 730 ceteris
1055 689 1169 747 quoque

211 761 344 834 personis,
360 775 429 832 quse
445 766 540 814 nostro
555 759 607 813 iuri
621 757 759 814 subiectae
774 763 853 827 suut,
876 757 946 814 diets
961 756 1168 830 intellegemus.

212 839 276 903 186.
299 843 365 899 item
380 841 542 899 admouendi
555 857 666 911 sumus,
680 842 704 896 si
719 856 779 896 cum
796 840 853 913 ipso
869 857 994 914 agamus,
1016 843 1063 914 qui
1077 843 1167 896 iocer-

211 935 268 983 tum
284 927 452 1001 promiserit,
471 926 508 980 itu
523 923 601 980 nobis
616 924 758 980 formulam
774 939 833 980 esse
849 926 1027 998 propositum,
1042 932 1074 980 ut
1088 939 1169 998 prue-

210 1139 310 1197 scebat,
333 1154 367 1188 an
386 1137 526 1187 hereditati
544 1137 737 1200 praeiudicium
756 1137 843 1198 fleret,
868 1136 938 1200 quod
957 1137 983 1186 si
1001 1139 1168 1201 pronuncia-

211 1217 299 1268 uerat,
318 1208 443 1259 iudicium
460 1209 493 1258 de
510 1208 621 1272 sinputis
639 1206 716 1256 rebus
733 1208 821 1269 petitis
843 1209 940 1256 auitum
957 1214 1028 1270 erat,
1047 1209 1167 1272 ideoque,

208 1283 286 1344 finita
295 1280 327 1330 de
336 1279 478 1328 hereditate
487 1279 644 1342 quaestione,
658 1284 741 1336 actor,
751 1277 796 1340 qui
805 1278 916 1335 vicerat,
930 1278 1015 1328 denuo
1024 1293 1069 1327 eas
1074 1285 1168 1342 petere

207 1357 319 1415 poterat.
349 1349 423 1398 Nunc
437 1363 500 1398 uero
514 1349 607 1398 cumin
620 1349 729 1410 speciem
738 1349 898 1411 exceptionis
911 1348 975 1397 baec
985 1351 1168 1412 praescriptio

211 1422 322 1471 deducta
335 1422 381 1477 sit,
401 1420 453 1468 nisi
466 1425 541 1468 actor
554 1417 654 1468 obiecta
667 1433 698 1466 ea
714 1419 840 1467 actionem
857 1418 977 1480 differat,
996 1433 1050 1468 rem
1065 1420 1167 1482 perdit,

211 1493 273 1556 quia
286 1505 348 1540 reus
359 1490 384 1538 si
397 1489 590 1552 praeiudicium
605 1489 667 1550 fieri
681 1486 847 1550 probauerit,
866 1487 1011 1537 absoluitur
1029 1495 1055 1538 et
1074 1491 1168 1538 iterum

208 1561 308 1625 petenti
321 1561 407 1609 actori
420 1565 495 1609 nocet
512 1559 630 1621 exceptio
645 1559 685 1606 rei
702 1558 840 1607 iudicatae.
861 1560 919 1608 134.
947 1557 1082 1608 Interdum
1101 1575 1169 1609 uero

211 1633 288 1681 etiam
305 1631 402 1680 nostris
420 1628 574 1693 temporibus
588 1629 766 1691 praescriptio
785 1635 836 1678 tam
849 1643 902 1691 pro
918 1635 1007 1678 actore
1021 1645 1097 1694 quam
1112 1645 1167 1693 pro

211 1716 257 1752 reo
271 1701 332 1750 dari
345 1701 463 1749 uidetur:
485 1699 554 1764 quod
571 1698 680 1761 accidit,
700 1713 756 1748 cum
769 1699 801 1748 de
815 1713 844 1748 co
859 1700 970 1764 opimus,
990 1701 1060 1764 quod
1072 1715 1168 1750 seruus

211 1772 273 1820 dari
292 1772 430 1835 stipulatus
449 1777 494 1820 est.
528 1768 603 1818 Licet
620 1770 687 1817 enim
704 1783 735 1817 eo
753 1769 852 1818 nomine
869 1769 981 1832 perinde
1002 1769 1076 1820 nobis
1093 1773 1167 1820 actio

211 1847 348 1905 competat,
367 1848 443 1904 atque
461 1842 485 1889 si
503 1841 555 1902 ipsi
572 1839 691 1902 stipulati
711 1853 831 1896 essemus,
853 1845 935 1888 tamen
955 1841 1016 1903 quia
1036 1855 1080 1898 ea,
1100 1856 1168 1905 quae

209 1913 279 1976 sacti
286 1917 359 1968 sunt,
373 1925 528 1973 expersona
537 1905 831 1973 stipulatorispendcnt,
847 1912 917 1958 uelut
925 1911 950 1958 si
957 1908 1064 1960 Stichus
1071 1926 1169 1960 seruus

211 1998 280 2033 meus
297 1984 335 2032 t'ia
352 1982 492 2045 stipulatus
506 1981 555 2030 sii:
572 1987 594 2026 X
608 1985 693 2026 IIILIA
712 1985 773 2026 Art*
783 1986 920 2036 riustri,
943 1987 1044 2029 VTRVM
1063 1989 1168 2039 VOLAII,

210 2059 291 2103 ΜΕ
302 2058 442 2099 SPONDES!
455 2056 594 2104 dromo,-
608 2051 742 2114 utriuspue
749 2050 891 2113 iitipatoris
898 2050 1011 2106 interest,
1021 2059 1049 2101 ut
1054 2054 1169 2111 sciatur,

211 2124 286 2172 anius
300 2136 334 2170 ex
346 2123 472 2184 stipulatu
485 2127 588 2186 agatur.
608 2121 699 2184 quade
715 2135 794 2169 causa
805 2119 920 2181 formula
929 2121 1009 2171 datur
1018 2138 1075 2171 cum
1085 2139 1168 2187 prae·

210 2193 352 2255 scriptione
366 2194 436 2241 aetat
449 2191 498 2241 troc
511 2191 598 2240 modo:
616 2198 655 2236 rsa
668 2197 723 2237 rsus
735 2196 863 2244 corruit,
879 2197 954 2243 oron
963 2198 1086 2240 sciamus
1094 2200 1175 2241 arur

210 2261 315 2301 aarum
325 2260 439 2301 sarrrs
452 2260 493 2300 mr
500 2259 633 2300 rrurrrcro
642 2258 762 2299 urorum
771 2256 1017 2299 srrrrrrrrsrsr.
1035 2259 1172 2301 scrantur

210 2322 372 2365 rrrrrrmru
378 2320 832 2361 nuornrruarrororrrrourcuu
838 2319 1171 2362 urrrrornrorourrnrr

210 2393 236 2435 et
253 2387 369 2448 reliqua.-
391 2386 490 2447 itaque,
510 2385 537 2432 in
556 2380 701 2435 intenitioue
720 2378 845 2431 iormulue’
861 2388 908 2431 etc.
939 2382 978 2445 Cf.
998 2382 1125 2433 Zeitscitr.
1143 2384 1166 2447 s.

208 2455 296 2519 {pescli
310 2453 382 2503 RW.
401 2452 480 2501 XIII.
491 2468 520 2516 p
534 2464 582 2504 sus.
610 2452 762 2515 Exemplum
774 2454 854 2501 sunni
871 2467 906 2501 ex
921 2452 953 2501 L.
968 2464 994 2503 ro
1004 2469 1048 2516 pr
1064 2462 1089 2503 et
1106 2454 1170 2504 Gaii

210 2524 243 2574 L
258 2535 296 2574 141
304 2539 352 2605 pr.
369 2523 402 2572 D.
418 2522 450 2571 de
463 2522 532 2572 oerb.
546 2522 595 2572 obi
615 2521 659 2587 (ns,
674 2522 705 2587 1).
762 2519 841 2589 ¹)Ex
860 2518 920 2571 ἴω·
939 2525 1065 2586 scriptum
1080 2524 1170 2587 fuisse

206 2601 286 2660 puto:
303 2594 354 2643 iuro
371 2590 536 2659 q(use)rit(ur)
552 2594 582 2641 ic.
606 2600 682 2642 antea
699 2592 821 2642 edebatur
840 2594 1032 2642 determinatum
1049 2601 1092 2642 est.

212 2662 233 2731 ²)
247 2665 304 2713 dure
320 2670 414 2729 oportet
428 2662 454 2713 0.
468 2664 536 2724 edd,
555 2664 623 2727 quod
637 2672 769 2727 utrumque
782 2665 886 2727 saepius
900 2664 978 2713 tacite
992 2666 1168 2715 correximus.

211 2732 233 2802 δ)
248 2734 293 2783 Ex
306 2734 409 2784 Saoinii
423 2736 455 2798 qi.
470 2740 540 2798 pacto
556 2733 581 2783 0.
597 2734 654 2783 edd.

281 2803 307 2871 *)
324 2805 388 2869 Pap.
404 2812 444 2853 2³5
457 2811 482 2852 et
496 2803 640 2865 sersalium
655 2809 692 2851 est
706 2817 757 2853 non
771 2804 933 2867 rescriptum,
947 2810 1026 2853 extra
1042 2804 1067 2853 0.
1083 2804 1170 2856 Vero·

210 2891 311 2925 nensem
324 2882 464 2933 seruatum,
479 2882 504 2923 et
517 2876 569 2923 iam
583 2881 642 2923 ante
656 2888 711 2922 eum
725 2874 849 2923 detectum
862 2890 879 2922 a
889 2873 1010 2937 Maffeio,
1025 2875 1120 2925 deinde
1134 2876 1168 2925 ab

211 2944 348 2995 Haubotdo
363 2944 497 3009 (Zeitscirr.
509 2943 531 3008 s.
544 2944 630 3009 pescli.
647 2942 718 2993 RW.
738 2942 790 2993 III.
805 2958 833 3007 p.
848 2942 972 3010 leo-146)
983 2943 1085 3008 publici
1098 2947 1169 2994 iuris

208 3016 321 3079 factam,
336 3017 503 3080 cuiusimapo
513 3015 642 3063 delineata
652 3020 724 3063 extat
733 3015 769 3063 ad
777 3015 872 3063 calcem
881 3014 920 3063 ed.
934 3013 1026 3064 Gdscir.
1049 3015 1169 3065 Posteri·

210 3087 266 3137 oris
276 3100 339 3150 pap.
356 3086 489 3150 imapinem
499 3084 732 3149 pbotoprapbicam
742 3083 851 3148 praebet
863 3084 903 3134 cd.
917 3082 992 3135 stud.
1074 3136 1080 3143 ,

281 3237 325 3311 ἓξ
341 3244 400 3293 134.
416 3244 475 3293 136.
496 3242 534 3304 Of.
549 3244 573 3304 5.
587 3253 608 3293 i.
628 3242 650 3291 I.
669 3243 701 3292 de
714 3244 773 3305 stip.
788 3258 855 3291 sero.
869 3239 900 3308 (s,
916 3240 959 3309 lt).
982 3242 1014 3293 L.
1032 3254 1058 3295 to
1069 3259 1113 3307 pr.
1132 3244 1167 3293 L.

212 3326 249 3366 141
256 3330 299 3376 pr.
319 3312 352 3362 D.
367 3313 399 3361 dc
408 3312 475 3362 oerb.
487 3312 534 3363 obi.
550 3311 594 3379 (45,
605 3312 635 3377 1).
655 3312 686 3361 L.
694 3324 722 3364 44
731 3328 775 3377 pr.
794 3312 826 3361 D.
838 3312 869 3361 de
880 3313 953 3362 cond.
969 3320 993 3363 et
1003 3313 1067 3363 dem.
1078 3312 1123 3379 (85,
1133 3314 1167 3377 1).

245 3380 289 3451 ξς
306 3386 365 3434 136.
381 3386 440 3434 137.
461 3383 499 3446 Os.
516 3380 621 3433 ‘Gaias'
633 3398 662 3446 p.
678 3394 703 3433 tr
716 3398 778 3447 seq,
793 3382 837 3431 ubi
850 3390 933 3432 tamen
944 3398 995 3445 per
1009 3399 1126 3433 errorem
1138 3385 1167 3433 in

210 3456 326 3515 exempto
342 3454 472 3516 formulae
493 3459 588 3503 certam
607 3454 771 3503 intentionem
786 3468 838 3516 pro
856 3454 957 3502 incerta
972 3456 1060 3516 posui.
1088 3468 1168 3505 uouo

211 3536 288 3573 rmus
303 3519 363 3590 etc]
385 3530 414 3571 ut
427 3524 476 3573 boc
493 3523 567 3573 modo
581 3523 622 3581 id,
643 3525 717 3572 cuius
735 3524 776 3573 rei
790 3523 846 3573 dies
859 3530 929 3586 erat,
948 3526 1024 3587 quasi
1041 3530 1168 3588 teporata
