2550 4000
388 245 574 283 oe1n1rosr1r.
599 227 620 281 Ι,
642 231 762 284 30—32·.
1002 227 1063 292 179

91 371 225 445 Romanas
240 388 285 444 uei
301 388 409 444 Latinas
425 387 585 444 coloniarias
599 386 644 442 uei
655 386 776 443 eiusdem
792 385 970 457 condicionis,
984 388 1062 443 euius

91 482 119 530 et
139 474 192 548 ipsi
208 481 310 542 essent,
333 472 415 546 idque
434 472 527 528 restaii
548 470 650 527 inerint
666 469 791 527 adhibitis
806 487 862 526 non
876 472 965 527 minus
981 488 1061 545 quam

91 565 197 632 septem
220 557 334 614 testibus
350 555 454 613 ciuibus
469 557 596 612 Romanis
612 555 769 628 puberibus,
792 564 820 611 et
835 555 918 612 filium
935 573 1073 629 procrea-¹

92 644 192 712 norint,
209 659 270 699 oum
285 643 308 698 is
325 642 397 697 filius
413 641 555 698 anniculus
568 656 629 697 esse
641 642 773 714 eoeperit,
789 640 871 696 datur
884 640 923 696 eis
938 649 1062 714 potestas

91 743 142 800 per
157 743 215 783 eam
230 726 334 801 legem,
358 726 431 783 adire
452 736 607 799 praetorem
625 725 669 780 uel
690 727 718 781 in
738 724 890 798 prouinciis
911 725 1062 798 praesidem

91 813 250 885 prouinciae
264 819 292 866 ei
303 810 463 885 adprobare,
475 827 504 867 se
516 827 549 866 ex
563 811 627 884 lege
638 809 713 865 delia
723 809 816 865 Sentio
829 825 941 865 uxorem
953 809 1061 866 duxisse

90 907 119 952 et
135 912 167 952 ea
182 912 213 952 ea
234 894 318 952 lilium
334 895 489 951 anniculum
505 894 619 952 habere:
640 903 668 950 et
689 896 711 950 si
732 896 772 966 is,
793 894 863 968 apud
885 910 965 967 quem
982 911 1061 950 eausa

91 981 279 1058 probatasesb
300 980 326 1036 id
347 982 383 1035 ita
404 997 465 1036 esse
480 980 713 1054 pronuntiauerit,
736 988 801 1035 iuno
812 987 840 1035 et
854 980 914 1053 ipse
929 973 1061 1034 Latinus1

90 1074 119 1122 et
134 1067 287 1136 uxorema,
309 1066 331 1120 si
353 1075 380 1120 et
400 1066 459 1138 ipsa
475 1065 596 1121 eiusdem
612 1061 803 1140 (condicionis
817 1068 863 1133 sii,
885 1072 912 1120 ei
932 1064 1062 1135 ipsorum

88 1153 176 1222 silius,
199 1153 225 1206 si
246 1158 273 1206 et
293 1154 356 1222 ipse
376 1144 517 1226 eiusdem)
532 1149 700 1206 condicionis
715 1150 758 1219 sit,
781 1150 856 1215 eiues
872 1147 985 1204 Romani
1000 1165 1061 1205 esse

88 1234 228 1293 iubentur.
267 1230 401 1316 803ldeo
428 1243 519 1290 autem
540 1233 576 1289 ’in
604 1235 732 1306 ipsorum
754 1226 834 1306 filio²
853 1233 998 1290 adiecimus
1026 1231 1061 1288 ‘ri

90 1329 118 1374 et
133 1320 192 1393 ipse
208 1319 331 1375 eiusdem
346 1319 513 1376 condicionis
527 1318 585 1388 siv,
610 1321 678 1391 quio
700 1320 722 1373 si
738 1334 808 1374 uxor
822 1316 910 1374 Latini
925 1319 992 1374 einis
1008 1316 1060 1373 iio·

90 1420 169 1460 mana
186 1412 237 1474 est,
255 1406 300 1476 qui
317 1421 348 1459 ex
364 1419 395 1459 ea
411 1405 539 1473 nascitur,
562 1420 594 1459 en
609 1419 684 1458 nono
699 1411 811 1460 senatus
826 1401 963 1475 consulto,
985 1402 1060 1475 quod

89 1497 203 1544 anoiore
228 1489 292 1544 diuo
315 1487 450 1544 Hadriano
473 1488 574 1544 iactum
597 1495 655 1557 est,
679 1489 747 1544 einis
768 1488 905 1544 Romanus
927 1489 1058 1544 nascitur.

88 1567 134 1631 31.
155 1572 214 1629 Hoe
234 1580 324 1629 tamen
344 1575 386 1630 ius
402 1573 590 1646 adipiscendae
605 1572 722 1629 ciuitatis
737 1572 871 1629 Romanae
887 1573 992 1628 etiamsi
1007 1573 1060 1627 soli

12 1669 77 1716 [108]
90 1659 207 1713 minores
230 1659 343 1730 triginta
366 1674 499 1714 annorum
516 1656 673 1712 manumissi
695 1665 723 1712 et
745 1656 833 1712 Latini
855 1655 919 1713 faeti
942 1673 975 1712 ea
997 1657 1059 1730 lege

89 1741 163 1798 Aelia
179 1741 272 1797 Sentia
287 1741 453 1814 habuerunt,
475 1752 564 1799 tamen
585 1749 680 1815 postea
697 1741 963 1812 senatusconsulto,
985 1741 1059 1815 quod

88 1825 192 1900 Pegaso
209 1837 237 1882 et
248 1827 367 1883 Pusione
382 1827 542 1884 oonsulibus
558 1827 729 1899 factumest,
745 1835 772 1884 ei
785 1825 931 1882 maioribus
948 1827 1059 1900 triginta

88 1927 221 1966 annornm
244 1913 415 1967 manumissis
431 1910 532 1968 Latinis
551 1911 627 1967 iactis
650 1927 811 1969 conoessum
830 1920 882 1969 esi.
917 1907 966 1972 82.
982 1912 1060 1969 Gete-

87 2012 148 2051 rnm
165 1998 270 2052 etiamsi
285 2005 347 2051 ante
363 1996 511 2053 decesserit
522 1995 643 2069 Latinus,
659 2013 739 2071 qnam
754 1996 872 2052 annienii
887 1994 936 2054 iiiii
951 2015 1059 2055 eausam

89 2078 225 2154 probarit,
241 2088 334 2153 potest
346 2088 432 2135 mater
444 2082 501 2135 eius
514 2097 619 2136 eausam
635 2079 764 2155 probare,
779 2089 808 2136 ei
819 2082 859 2136 sie
873 2089 901 2136 et
916 2083 972 2156 ipsa
988 2080 1036 2137 iiet
1053 2076 1056 2158 Ι

89 2166 158 2221 cinis
172 2163 303 2235 Romana,
324 2167 347 2220 si
363 2158 471 2219 Latina³
492 2164 585 2236 suerii,
604 2174 632 2221 et
654 2163 737 2235 filius,
757 2167 833 2221 ouius
850 2182 970 2222 eausam
988 2185 1059 2239 pro-
1070 2167 1096 2216 8.

86 2241 197 2326 bairii.⁴
228 2251 389 2321 permissum
409 2256 569 2320 praetereo
586 2257 629 2306 esi
647 2253 709 2323 filio
722 2250 827 2307 Latino
843 2254 929 2306 etiam
944 2254 1005 2321 soli,
1028 2259 1059 2308 ui

87 2337 161 2389 einis
176 2332 328 2390 Romanus
340 2326 409 2411 filet,
431 2350 470 2391 ex
485 2333 647 2405 quibusdam
663 2331 761 2393 couno
778 2352 900 2391 eausam
915 2338 1057 2408 probare,

87 2426 115 2473 ei
131 2435 298 2491 quanquam
318 2413 323 2493 Ι
342 2420 400 2492 ipse
416 2416 487 2474 filius
503 2419 571 2475 ciuis
587 2420 723 2476 Romanus
739 2422 784 2491 sit,
806 2421 868 2494 quia
884 2436 916 2475 ex
931 2421 991 2478 oiue
1005 2420 1057 2477 iio·

87 2519 166 2558 mana
181 2510 268 2558 matre
283 2511 363 2559 natus
386 2512 437 2573 est,
462 2513 550 2559 tamen
567 2503 648 2560 debet
663 2521 769 2561 eausam
790 2504 919 2579 probare,
940 2515 970 2561 ut
990 2523 1057 2562 suus

86 2586 167 2643 heres
182 2588 254 2660 patri
269 2586 324 2643 fiat.
369 2583 432 2647 82⁸.
448 2580 559 2668 (Quae)
575 2604 642 2645 uero
658 2582 782 2667 diiximus
798 2590 831 2645 de
846 2588 903 2645 filio
919 2592 1056 2657 anniculo,

161 2754 180 2821 1)
200 2757 265 2807 Post
283 2757 306 2807 d.
325 2774 346 2807 e.
361 2759 388 2806 in
408 2753 454 2806 Vbt
471 2760 631 2809 correctoris
646 2776 722 2809 arona
735 2776 819 2823 supra
833 2761 927 2809 lineam
940 2761 1058 2809 additum
1100 2760 1107 2774 “

88 2825 226 2896 [inni]anus
237 2829 353 2891 insipida
363 2831 446 2894 inopis
453 2832 542 2894 plesse
551 2846 626 2894 quom
636 2833 768 2881 eorrectio
778 2831 888 2879 videtur.
928 2827 950 2895 ¹)
966 2831 1057 2880 Possis

85 2902 164 2949 etiam
183 2902 268 2965 lepore
287 2900 311 2948 in
330 2914 433 2963 persona
453 2901 494 2949 filii
514 2898 565 2966 (aie
584 2902 622 2953 ed.
643 2900 744 2967 Pelen.)
763 2903 802 2950 ael
820 2902 845 2949 in
864 2902 934 2951 bnins
952 2917 1056 2966 persona

85 2969 136 3033 (sie
150 2971 189 3021 ed.
203 2970 252 3019 Kr.
269 2970 310 3036 n).
376 2966 397 3035 Β)
412 2970 516 3021 Abhinc
529 2972 598 3022 dono
612 2975 634 3035 ξ.
649 2989 727 3033 nuno,
745 2974 853 3022 reiectis
862 2973 1008 3035 prioribus,
1022 2989 1057 3022 em

85 3041 177 3104 Suppl.
192 3040 228 3092 St.
238 3057 266 3105 p.
286 3040 343 3091 XX
357 3042 395 3094 ed.
407 3055 427 3093 r.
443 3043 535 3106 refeci,
545 3046 646 3107 partim
659 3051 758 3094 tantum
771 3046 913 3095 sententiae
927 3047 955 3093 in
969 3046 1057 3095 eodem

84 3114 173 3176 spatio
191 3113 379 3177 aipnifieorrdao
396 3115 495 3179 pratia.
524 3114 573 3165 Kr.
593 3116 633 3164 ed.
653 3127 666 3165 a
684 3124 784 3166 tantum
801 3116 877 3165 babet
897 3117 977 3179 inerit,
1000 3132 1056 3179 per-

85 3185 196 3245 missum,
211 3184 351 3248 quibusdam
362 3191 387 3233 et
400 3186 452 3247 ipse
468 3186 530 3234 iilius
541 3201 597 3235 eum
606 3200 658 3251 aeq.
696 3183 718 3252 ⁴)
727 3186 760 3236 In
773 3187 1002 3251 &videturfuisse
1012 3189 1056 3237 init

85 3263 109 3303 ei
124 3255 189 3305 libus
204 3256 243 3303 eui
257 3269 353 3305 oausam
365 3250 453 3321 pharii.
480 3254 588 3307 Scilicet
601 3260 679 3307 etiam
692 3260 760 3309 alios
770 3260 842 3321 lilios
855 3259 951 3308 babere
961 3265 1055 3322 potest.

156 3394 181 3465 ᾗ.
198 3400 238 3450 30.
259 3396 297 3460 Os.
313 3399 400 3459 §boo
415 3408 449 3448 80.
474 3396 529 3461 lup.
545 3410 565 3461 3,
580 3411 600 3450 e.
675 3395 700 3468 ξ.
716 3401 758 3450 31.
780 3400 819 3464 Of.
844 3401 899 3464 Uip.
918 3412 939 3457 a,
958 3411 978 3448 4.
999 3399 1055 3459 Peg.

84 3477 108 3517 et
123 3466 189 3535 Pus]
210 3469 245 3531 es.
260 3480 280 3526 a,
296 3479 343 3519 254.
372 3470 394 3529 ξ.
411 3480 432 3519 5.
461 3468 484 3516 Ι.
504 3470 536 3517 de
556 3471 643 3532 fideie.
662 3471 750 3520 hored.
771 3473 803 3535 (s,
822 3470 859 3537 ea)
882 3468 1055 3532 ‘Vespasiani

84 3540 152 3605 Aup.
169 3536 346 3603 temporibue'.
411 3538 436 3602 ς.
453 3540 495 3589 32.
518 3540 556 3602 Cf.
573 3541 748 3599 Collat.1o,³.
768 3543 806 3602 ἕξ.
821 3554 841 3591 7.
857 3552 889 3592 15.
910 3541 983 3603 infra
997 3552 1018 3591 a.
1032 3550 1053 3590 5.

84 3612 107 3673 §-
124 3612 181 3662 ΒΨ.
202 3611 241 3674 Cf.
257 3611 330 3673 infra
350 3623 370 3668 1,
385 3622 418 3661 ir.

800 3693 851 3744 12⁸
