2550 4000
418 240 480 276 osu
499 241 601 282 rusrrr.
620 224 655 278 Π.
676 230 769 309 9ᾒ14.
803 304 804 307 ¹
1014 226 1076 291 223
1123 216 1126 223 ’

109 380 180 433 muri
208 387 237 434 et
261 391 374 454 portae,
403 383 603 455 quodammodo
626 384 712 441 diuini
737 385 803 441 iuris
826 393 903 441 sont.
948 382 977 443 9.
999 383 1076 452 Quot

109 472 201 519 eutem
216 466 306 521 diuini
319 468 386 523 iuris
400 477 453 538 est,
474 468 501 524 id
516 467 618 525 nullius
633 472 660 526 iu
676 470 755 525 bouis
775 477 832 525 est:
855 469 882 526 td
903 486 979 541 uero,
1003 470 1077 543 quod

109 548 218 603 humaui
238 544 244 620 Ι
266 541 356 607 ¹iurie
371 559 421 622 est,
438 555 609 627 pleramque
624 556 750 611 alieuius
764 558 793 611 in
809 551 890 611 bonis
904 561 962 623 est3
981 562 1126 625 potestus.
1201 556 1203 559 ’

110 640 206 689 autem
222 641 250 689 et
265 638 374 692 nullius
388 638 418 694 in
434 638 515 695 bouis
529 654 607 695 esse:
622 658 690 696 nam
706 654 755 695 res
769 640 977 711 hereditariae,
993 647 1074 696 attte-
1084 636 1102 677 ²·
1116 644 1133 675 ⁸·

110 734 200 789 quam·
210 722 318 791 aliquis
331 722 418 778 heres
433 726 551 793 existat,
572 726 680 781 nultius
693 729 723 781 tn
738 726 819 781 bortis
833 732 908 781 suat.

108 819 152 858 vr.
168 802 227 858 fere
242 803 262 860 8
278 813 429 845 *un-*-
444 823 479 862 ae
495 806 616 865 domino.
654 805 702 865 10.
725 808 781 864 Hae
797 818 885 865 autem
901 800 1075 886 (ree),=quae

109 886 220 943 humaui
235 890 301 945 iuris
317 898 391 962 suat,
407 899 458 948 aut
471 890 606 961 publicae
626 901 692 949 suot
712 902 758 949 aut
778 894 908 967 priuatae.
944 890 986 950 11.
1003 892 1075 961 Quae

110 970 234 1045 publicae
249 983 323 1046 suut,
339 976 444 1033 nullius
459 976 590 1033 uidentur
604 978 722 1036 inbonis
735 994 811 1045 esse3
827 979 912 1052 ipsius
929 980 999 1035 enim
1009 980 1074 1033 uui·

110 1057 246 1113 uersitatis
268 1075 330 1115 esse
355 1061 517 1117 creduntur.
561 1062 682 1135 priuatae
703 1072 783 1134 sunt,
811 1078 878 1138 quoe
903 1064 1076 1137 singulorum

108 1138 280 1198 ’homiuum2
295 1152 372 1201 sant.

173 1221 216 1285 12.
243 1225 381 1294 Quaedam
405 1240 547 1303 praeterea
574 1247 618 1287 res
647 1232 803 1305 corporales
832 1239 925 1302 sunt.
947 1232 1077 1303 quaedam

107 1310 305 1384 incorporales.
343 1310 389 1371 13.
412 1310 618 1392 (Corporales)
641 1315 691 1371 hae
707 1308 810 1394 (sant),
834 1333 901 1388 quae
922 1316 996 1390 tongi
1011 1332 1075 1390 pos·

109 1404 186 1467 suut,
202 1395 276 1453 uelut
291 1397 403 1469 fundus,
420 1400 511 1465 homo,
529 1391 745 1471 uestis‚'ouruur,
763 1410 906 1474 argentum
917 1408 945 1456 et
960 1401 1076 1475 denique

109 1480 179 1536 attae
200 1498 244 1537 res
265 1484 487 1541 innumerabiles.
523 1481 569 1542 14.
591 1484 782 1559 Incorporalee
803 1494 885 1557 sunt,
908 1503 983 1557 quae
1001 1487 1076 1559 tangi

108 1581 164 1621 uon
179 1576 311 1639 possunt,
329 1568 418 1642 qualia
433 1577 498 1625 suut
513 1586 552 1639 ea,
570 1586 639 1643 quae
654 1562 737 1647 ’(ιή)3
751 1572 810 1626 iure
826 1572 990 1641 consistunt,
1006 1572 1077 1627 sicut

109 1650 257 1721 hereditas,
272 1653 455 1724 ususfructus,
481 1653 660 1728 obligationes
683 1671 795 1728 quoquo
814 1655 895 1711 modo
911 1664 1076 1714 contractae.

108 1751 160 1791 nee
175 1735 208 1791 ad
223 1752 280 1791 rem
296 1730 440 1814 per(tinet‚
454 1742 531 1811 quod
540 1743 570 1795 in
582 1740 744 1795 hereditate
754 1755 805 1795 res
814 1743 984 1811 corporales
995 1732 1075 1818 can)-

183 1885 206 1954 ¹)
218 1888 321 1939 Abkiae
340 1891 380 1951 ξς).
394 1902 479 1941 9-14.
493 1892 628 1940 restitutae
648 1899 707 1940 eunt
725 1906 760 1941 ea
773 1892 805 1941 L.
820 1904 840 1942 1.
861 1892 893 1941 D.
908 1892 940 1941 de
955 1906 1008 1941 rer.
1023 1892 1075 1941 dio.

109 1959 141 2025 (1,
156 1957 180 2026 8)
194 1968 219 2010 et
237 1962 275 2010 tit.
292 1960 361 2011 I.·de
379 1960 433 2011 reb.
448 1977 519 2026 eorpz
539 1961 572 2029 (2,
586 1960 618 2027 2).
653 1962 772 2026 Apparet
785 1958 846 2015 vero
866 1964 943 2030 idque
962 1978 996 2014 ex
1020 1963 1048 2013 V
1049 1959 1076 2012 11.

109 2034 229 2096 apertius
243 2032 344 2095 [aetum
362 2040 413 2090 est,
432 2049 464 2083 ea
483 2049 548 2098 quae
562 2035 638 2084 initio
649 2049 678 2097 p.
693 2045 727 2086 56.
755 2036 877 2084 restituta
890 2043 951 2085 sant
965 2051 999 2085 eoa
1013 2034 1077 2084 last.

109 2111 136 2154 et
149 2103 220 2168 Dia,
234 2119 286 2155 non
299 2105 422 2168 sufficere
436 2105 473 2167 ad
485 2105 628 2168 eapleados
643 2106 762 2154 undecim
776 2107 883 2169 priores
897 2121 987 2156 verses
1001 2106 1079 2156 huius

105 2191 170 2240 pay.
187 2175 256 2242 (nam
270 2191 287 2224 a
301 2192 323 2225 o.
338 2188 377 2235 12,
397 2178 473 2225 euius
491 2178 593 2225 initiam
611 2183 650 2225 eet
664 2191 694 2240 ue
709 2177 813 2238 domiuo,
833 2178 963 2240 incipiant
976 2179 1077 2240 supple-

110 2254 195 2296 menta
208 2245 450 2312 Studemuadiaaa).
488 2247 580 2311 Itaque
597 2246 741 2296 Iustiniani
754 2247 898 2310 prudentes
913 2262 1003 2297 aereae
1018 2248 1078 2310 fere

110 2325 168 2379 oeta
188 2318 350 2376 reciderant,
373 2320 462 2383 idque,
482 2325 511 2377 et¹
527 2317 606 2368 uerba
620 2319 668 2367 itta
686 2333 716 2380 ue
735 2319 830 2368 domino
850 2325 1000 2383 aryameato
1019 2327 1079 2368 seat

109 2404 154 2448 eo,
169 2405 241 2454 quem
256 2389 373 2438 indicavi
387 2391 451 2439 loeo.
484 2388 558 2449 Quod
572 2391 741 2453 confirmatur
755 2389 824 2454 Epit.
841 2403 862 2449 2,
877 2404 896 2442 1.
913 2403 932 2442 1.
952 2391 995 2440 tis
1013 2405 1078 2455 quae

109 2461 225 2510 distinxi
237 2460 338 2509 verbis:
354 2457 423 2510 ‘Sed
435 2467 518 2510 erres
535 2461 726 2521 hereditariae,
745 2469 880 2527 antequam
894 2463 990 2526 aliquis
1004 2462 1079 2511 heres

110 2534 220 2589 eaietat,
240 2532 338 2580 idest
360 2528 588 2597 (aet?)'quaado
608 2532 790 2592 dubitator,
810 2541 914 2582 utrum
931 2535 1079 2598 scriptus

110 2619 150 2652 aa
164 2604 329 2668 legitimus
343 2602 436 2652 heres
449 2604 626 2653 succedere
641 2603 768 2663 debeat,
783 2606 810 2652 ia
825 2607 922 2654 aotliae
936 2605 1010 2654 bonis
1023 2619 1091 2659 esse,

110 2671 253 2723 videator’.
282 2673 325 2723 Ea
334 2675 401 2723 raim
411 2677 526 2739 quamvis
536 2677 621 2738 inepte
630 2675 748 2724 atttbtta
758 2677 862 2724 nonnisi
872 2691 907 2724 ea
920 2675 985 2725 Gaio
995 2681 1078 2724 sumta

110 2759 167 2795 esse
177 2752 296 2808 possunt.
321 2744 413 2810 Itaque
426 2748 555 2810 suspicor,
569 2746 637 2795 harre
649 2746 708 2809 sere
723 2747 778 2795 eius
790 2747 941 2795 sententiam
951 2748 1079 2809 periisse:

112 2813 177 2865 ‘Sed
190 2818 267 2866 etiam
280 2824 400 2866 exstante
414 2832 461 2867 sao
474 2824 500 2866 et
513 2817 662 2867 necessario
677 2817 779 2875 herede,
794 2819 864 2866 uelut
874 2817 940 2879 filio,
955 2819 1000 2881 qut
1013 2818 1077 2866 alio-

111 2889 174 2952 quin
192 2889 278 2937 statim
297 2904 354 2937 eam
373 2889 484 2938 moritur
498 2895 590 2952 pater,
608 2889 685 2938 hereo
704 2904 735 2937 aa
754 2889 871 2937 dominas
887 2894 937 2946 est,
956 2890 981 2938 oi
995 2895 1078 2938 tamea

111 2962 238 3009 incertum
251 2961 298 3017 eit,
318 2966 404 3008 atram
418 2974 453 3009 ea
466 2967 615 3010 testamento
628 2961 744 3023 scriptus
762 2975 796 3007 aa
816 2960 936 3008 intestato
951 2961 1078 3025 teqitimas

111 3031 187 3080 aeres
200 3032 248 3088 eit,
267 3031 421 3096 eetotquad
429 3039 565 3094 postumus
577 3045 642 3080 suos
659 3031 735 3080 heres
753 3037 900 3080 testamento
916 3033 1079 3094 praeteritos

111 3108 292 3165 exspectatur,
311 3117 361 3166 qao
380 3109 442 3152 aato
459 3104 561 3152 scilieet
574 3109 749 3152 testamentum
763 3104 901 3166 rumpitur,
919 3118 963 3152 res
976 3103 1077 3153 heredi-

110 3175 198 3222 tariae
212 3175 313 3221 interea
326 3181 388 3222 sunt
400 3175 455 3222 siue
470 3170 587 3223 domiuo’.
623 3173 662 3236 Os.
678 3173 709 3222 L.
724 3185 758 3226 24.
778 3173 811 3222 Ι).
826 3175 858 3224 de
872 3177 974 3239 acquir.
989 3174 1076 3224 aered.

111 3242 162 3308 (22,
176 3242 208 3308 2).
275 3240 296 3306 9)
314 3242 360 3293 Eae
378 3244 468 3308 Suppl.
487 3243 525 3294 St.
540 3261 568 3308 p.
587 3244 713 3294 XXVII.
790 3241 810 3311 ³)
829 3245 875 3294 Ere
892 3245 956 3295 Iast.
976 3246 1076 3296 addidi.

114 3313 213 3364 Omittit
226 3315 266 3364 ed.
281 3314 331 3363 Kr.
346 3326 366 3365 2.

183 3461 208 3533 ξ.
225 3469 249 3517 9.
271 3467 309 3529 Cf.
325 3469 348 3528 ξ.
363 3478 384 3518 t.
404 3466 497 3516 Leod.
557 3462 601 3535 ἓξ.
618 3469 660 3517 10.
674 3471 718 3518 11.
742 3467 779 3530 Of.
798 3467 830 3518 L.
847 3479 858 3516 1
873 3483 920 3530 pr.
932 3467 965 3515 L.
981 3478 1000 3516 2.
1017 3469 1042 3529 ξ.
1056 3480 1076 3518 1.

111 3538 144 3587 D.
160 3539 192 3588 de
206 3539 301 3588 interd.
317 3535 409 3603 (421).
438 3537 470 3586 L.
486 3548 519 3590 15.
535 3537 567 3587 D.
582 3539 615 3587 de
629 3538 698 3588 verb.
713 3540 780 3603 siaa.
796 3537 842 3602 (5ο,
857 3537 900 3603 16).
929 3538 961 3586 L.
976 3551 997 3590 6.
1017 3541 1040 3600 §-
1056 3553 1076 3590 1.

111 3609 143 3657 D.
159 3611 192 3659 de
205 3626 259 3659 rer.
274 3610 326 3659 dio.
341 3609 373 3674 (1,
388 3608 420 3674 8).
471 3604 685 3677 §§.12-14.=
700 3609 779 3658 Titl.
796 3609 827 3658 de
841 3608 894 3658 reb.
910 3625 982 3674 corp.
998 3609 1029 3676 (2,
1044 3607 1076 3672 2).
