2550 4000
224 168 290 234 236
526 185 584 222 ann
601 183 695 221 mem.
713 166 877 222 1711-70.

223 319 261 372 ita
276 316 402 390 paulatim
418 314 519 373 llnmen
534 331 601 390 agro
616 324 711 370 nostro
727 313 822 386 adicit,
837 322 870 371 nt
883 315 1024 370 aestimare
1045 328 1109 368 11011
1127 327 1196 385 pos-

224 401 319 475 simus,
334 408 463 473 qnantum
475 416 584 473 quoqne
595 407 733 456 momento
748 399 879 471 temporis
890 397 1036 454 adiciatur:
1054 390 1126 469 (et)¹
1140 397 1197 452 boc

225 491 277 554 est,
293 483 367 556 qnod
382 484 467 557 uolgo
482 483 596 554 dicitnr,
611 498 661 556 per
675 481 841 542 allunionem
854 482 882 538 id
896 480 964 537 adici
979 479 1088 550 uideri,
1113 479 1194 552 qnod
1202 492 1231 538 [1

224 569 261 624 ita
276 567 401 641 paulatim
416 567 545 639 adicitur,
569 575 600 624 nt
615 565 710 624 oculos
730 572 841 622 nosnos
862 564 948 622 sallat.
984 561 1027 622 71.
1050 565 1156 636 ltaque
1171 565 1193 620 si

225 649 324 708 {lumen
339 659 443 725 partem
458 651 574 724 aliquam
589 666 623 707 ex
636 658 686 706 tno
701 648 812 724 praedio
827 639 985 706 resciderit²
1000 656 1028 705 et
1043 647 1079 704 ad
1094 663 1192 704 meum

172 734 362 810 tl.'praedinm
377 735 530 808 pertulerit,
544 735 611 792 baec
625 750 689 808 pars
704 742 751 791 tna
762 727 862 809 maflnet
906 727 1085 792 7711011
1096 730 1193 788 medio

224 817 334 874 flumine
355 818 442 874 insnla
462 827 524 875 nata
543 819 596 888 sit,
615 818 683 874 haec
703 832 798 874 eornm
819 817 938 873 omnlnm
962 819 1124 873 communie
1139 822 1191 885 est,

225 901 271 974 qni
286 901 318 958 ab
333 909 450 975 utraque
464 909 540 975 parte
555 899 673 958 llnmlnis
688 915 775 975 prope
796 902 881 976 ripam
900 899 1007 974 praedia
1022 897 1190 972 possident3

224 986 246 1040 si
259 1001 326 1040 nero
337 1000 392 1043 000
404 987 438 1042 sit
449 987 476 1042 in
484 985 571 1042 medio
584 985 704 1058 domine,
711 985 745 1040 ad
755 1000 802 1040 eos
814 983 944 1060 pertinet,
952 986 998 1058 qni
1009 983 1044 1039 ab
1053 992 1189 1056 eaparte,

225 1084 294 1142 qnae
308 1072 431 1143 proxima
445 1077 498 1140 est,
512 1069 586 1126 insta
600 1071 687 1143 ripam
700 1067 808 1144 praedia
823 1065 932 1124 babent.
968 1061 1017 1126 73.
1036 1065 1188 1122 Praeterea

223 1153 259 1224 id,
275 1153 349 1226 qnod
364 1154 393 1210 ln
406 1154 466 1210 solo
481 1161 577 1210 nostro
589 1150 623 1209 ab
637 1152 727 1227 aliqno
743 1149 911 1208 aedificatum
922 1160 976 1223 est,
989 1151 1125 1226 quamuis
1140 1149 1187 1205 ille

223 1253 274 1293 sno
289 1237 399 1294 nomine
409 1235 602 1307 aedificanerit,
617 1237 678 1294 iure
686 1235 803 1292 naturali
811 1244 939 1292 nostrum
950 1233 990 1308 fit,
1005 1236 1072 1309 qnia
1086 1249 1186 1306 snper·

224 1318 296 1378 ficies
310 1321 371 1378 solo
386 1321 467 1378 cedit.
508 1317 557 1378 tt.
580 1321 720 1394 llnltoque
734 1320 820 1392 magis
835 1317 864 1376 id
879 1317 974 1376 accidit
988 1326 1017 1374 et
1030 1320 1061 1373 in
1076 1317 1184 1392 planta,

224 1420 304 1478 qnam
318 1405 379 1476 quis
393 1407 421 1460 in
435 1404 495 1460 solo
510 1412 606 1461 nostro
621 1404 760 1478 posuerit,
781 1404 807 1458 si
825 1402 908 1460 modo
928 1400 1066 1460 radicibus
1080 1410 1183 1457 terram

224 1486 362 1560 complexa
377 1486 468 1545 luerit.
504 1483 549 1546 75.
569 1485 641 1544 ldem
656 1487 792 1561 contingit
806 1494 834 1542 et
848 1488 875 1543 ln
887 1485 1045 1560 frumento,
1064 1483 1144 1560 qnod
1157 1486 1183 1540 in

224 1569 285 1626 solo
299 1578 396 1627 nostro
412 1571 445 1629 ab
460 1569 551 1646 aliquo
567 1579 653 1628 satum
669 1570 760 1628 lnerlt.
797 1564 843 1630 76.
864 1567 918 1627 Sed
932 1568 999 1626 siab
1010 1586 1044 1627 eo
1056 1578 1181 1643 petamus

224 1653 340 1710 landum
353 1653 397 1712 uel
407 1653 568 1730 aedilicium,
574 1663 602 1712 et
613 1657 739 1728 inpensas
749 1656 778 1710 in
789 1651 938 1712 aedilicium
948 1653 992 1710 uel
1000 1654 1029 1710 in
1038 1654 1181 1710 seminaria

224 1737 270 1796 nel
283 1739 311 1794 in
325 1747 472 1796 sementem
488 1739 570 1797 lactas
585 1741 611 1796 ei
625 1738 733 1795 soluere
748 1737 876 1808 nolimus,
891 1737 994 1812 poterit
1006 1752 1058 1793 nos
1073 1753 1126 1812 per
1138 1752 1180 1792 cr·

225 1823 375 1896 ceptionem
398 1823 455 1879 doli
474 1822 536 1880 mall
552 1821 695 1896 repellere,
714 1823 808 1896 ntique
822 1822 845 1877 sl
860 1820 946 1878 bonae
961 1819 1023 1878 fidei
1033 1836 1180 1895 possessor

224 1904 318 1963 fuerit.
352 1901 396 1962 77.
420 1906 518 1962 Eadem
539 1908 645 1963 ratione
663 1905 807 1981 probatum
827 1911 888 1982 est,
905 1905 979 1980 qnod
999 1907 1028 1962 in
1048 1903 1179 1962 chartulis

225 1991 283 2046 sine
302 1989 463 2047 membranis
482 1991 550 2048 meis
571 1990 669 2065 aliquis
690 1989 848 2064 scripserit,
870 1989 935 2048 licet
955 1990 1044 2047 aureis
1070 1988 1178 2058 litteris,

224 2088 313 2132 meum
328 2090 399 2147 esse,
414 2076 475 2150 qnia
486 2075 592 2132 litterae
604 2073 734 2131 chartulis
746 2075 805 2129 sine
817 2071 978 2131 membranis
989 2073 1106 2132 cedunt:
1120 2073 1177 2129 ’ita-

224 2174 277 2233 que
299 2151 368 2234 (et)³
392 2161 489 2235 siege
515 2174 562 2217 eos
582 2157 665 2215 libros
690 2173 791 2232 easque
810 2156 977 2214 membranas
996 2167 1101 2231 petam,
1129 2172 1178 2213 nec

223 2244 363 2317 inpensam
383 2244 532 2319 scripturae
547 2242 666 2312 solnam,
687 2257 737 2315 per
756 2242 942 2315 exceptionem
957 2240 1014 2298 doli
1029 2241 1177 2297 010Ιί01101-

179 2351 180 2357 1
224 2328 328 2381 moneri
347 2335 455 2399 potero.
499 2322 546 2383 78.
569 2325 622 2382 Sed
647 2326 671 2380 si
691 2326 718 2381 in
739 2322 830 2383 tabula
854 2341 911 2381 mea
939 2325 1036 2398 aliquis
1061 2326 1176 2400 pinxerit

172 2408 311 2465 77007071
325 2409 480 2482 imaginem,
496 2416 590 2466 contra
604 2409 750 2482 probatur:
770 2402 776 2484 Ι
794 2411 881 2483 magis
896 2409 1086 2474 011701ᾱί07701,
1102 2408 1176 2465 tabu·

224 2490 276 2547 lam
284 2493 405 2563 picturae
416 2492 614 2561 cedere30uins
624 2492 790 2549 diuersitatis
800 2494 844 2549 nix
852 2492 949 2550 idonea
958 2495 1029 2550 ratio
1039 2492 1174 2549 redditor:

224 2584 300 2631 certe
311 2574 457 2633 secundnm
469 2576 539 2633 hano
548 2576 671 2651 regulam
682 2578 706 2631 sl
716 2592 759 2633 me
769 2576 929 2649 possidente
937 2585 1027 2652 petas,
1036 2576 1176 2649 imaginem

225 2690 437 2703 ..ιο-ιο*

296 2757 317 2828 ¹)
331 2760 439 2812 Addidi.
491 2759 513 2829 ¹)
531 2762 558 2811 V
558 2758 586 2822 ¹⁸,
602 2778 654 2813 non
668 2763 782 2813 reciderit
794 2763 846 2812 nid.
861 2778 953 2829 apopr.
968 2761 1080 2812 Studem.
1091 2777 1119 2827 p.
1128 2757 1187 2813 tst'

225 2829 246 2900 ⁸)
260 2830 304 2883 Sic
318 2849 386 2883 nunc
400 2835 480 2883 malui
492 2833 608 2884 scribere
622 2849 698 2899 qnam
712 2841 803 2883 antea:
817 2841 843 2882 at
857 2848 943 2898 aeque.

225 2940 436 2951 ——-.-—.

294 3005 318 3077 5.
335 3011 376 3060 71.
398 3008 436 3070 Of.
450 3009 483 3059 L.
498 3022 518 3060 a.
533 3012 556 3071 5.
571 3022 592 3061 a.
611 3010 645 3059 D.
659 3012 699 3059 tit.
714 3011 758 3059 cit.
772 3011 796 3071 9.
811 3021 846 3060 rr.
862 3008 885 3059 I.
899 3011 938 3059 tit.
949 3011 993 3059 cit.
1042 3005 1069 3078 5.
1080 3011 1121 3061 77.
1135 3009 1173 3072 Os.

223 3078 255 3128 L.
270 3090 290 3129 a.
306 3080 329 3139 9.
344 3090 364 3130 a.
384 3078 416 3127 D.
431 3080 470 3129 tit.
485 3082 528 3129 ott.
542 3082 566 3141 5.
581 3091 615 3131 aa.
630 3080 653 3129 Ι.
668 3082 708 3129 tit.
723 3082 766 3130 eit.
816 3076 842 3147 5.
859 3083 901 3131 73.
921 3079 960 3143 Os.
974 3080 1007 3129 1.
1022 3081 1127 3142 r.5.1e
1139 3080 1172 3129 Ι).

222 3150 262 3197 tit.
277 3150 320 3197 cit.
345 3150 368 3211 5.
383 3159 417 3198 eo.
431 3147 454 3197 I.
469 3151 507 3198 tit.
523 3152 566 3199 ott.
581 3149 651 3213 Epir.
666 3162 688 3209 a,
702 3162 722 3200 1.
742 3152 765 3211 5.
779 3162 800 3200 e.
864 3146 890 3219 5.
906 3153 948 3202 tt.
968 3150 1008 3213 Os.
1022 3150 1054 3200 L.
1070 3162 1090 3201 a.
1104 3152 1127 3212 5.
1138 3161 1173 3202 rs

223 3218 256 3269 D.
270 3220 309 3268 tit.
324 3220 367 3268 ott.
383 3219 422 3280 99.
438 3230 470 3269 10.
485 3230 519 3270 a1.
538 3218 561 3268 Ι.
576 3222 614 3269 tit.
630 3222 675 3269 ott.
690 3219 760 3284 Epit.
775 3232 796 3279 a,
811 3233 831 3271 1.
846 3222 869 3283 5.
884 3233 905 3271 1.
960 3217 986 3288 9.
1002 3222 1043 3272 77.
1065 3220 1103 3282 Cf.
1117 3220 1144 3269 L.
1158 3232 1173 3271 a

219 3306 263 3353 pr.
282 3290 315 3338 D.
330 3291 368 3339 tit.
384 3290 427 3338 cit.
446 3290 469 3351 5.
484 3300 517 3340 77.
534 3288 555 3337 I.
571 3291 609 3339 tit.
625 3293 667 3340 cit.
683 3289 753 3354 Epir.
769 3294 785 3339 l.
801 3307 823 3341 c.
878 3287 903 3359 ξ.
920 3294 962 3342 76.
982 3290 1021 3353 Of.
1035 3288 1105 3355 Lpit.
1118 3303 1170 3354 7,1.

222 3362 244 3421 9.
264 3372 284 3412 0.
299 3360 330 3409 L.
347 3371 366 3411 a.
382 3360 405 3422 5.
421 3370 454 3409 ra.
474 3358 506 3409 L.
521 3370 588 3423 apr.
608 3360 640 3408 D.
655 3362 694 3410 tit.
710 3362 753 3410 cit.
773 3363 812 3424 99.
823 3372 856 3413 ao
872 3373 906 3413 ss.
926 3361 947 3411 1.
963 3364 1001 3411 tir.
1017 3362 1061 3411 ott.
1097 3356 1121 3429 9.
1130 3363 1169 3412 77.

224 3430 261 3494 of.
276 3431 346 3495 Lpit.
361 3441 383 3488 r,
398 3443 417 3480 1.
436 3432 475 3493 99.
489 3440 512 3481 4.
527 3442 547 3482 0.
567 3429 599 3479 L.
614 3442 634 3482 e.
650 3432 674 3493 9.
689 3443 710 3482 ι.
724 3431 757 3480 Ι).
773 3435 811 3481 tit.
827 3434 870 3483 cit.
888 3434 912 3495 9.
927 3443 961 3485 aa
975 3432 999 3481 Ι.
1012 3433 1051 3481 tit.
1067 3434 1109 3481 ott.

222 3497 247 3567 ξ.
263 3503 305 3551 78.
324 3501 382 3551 lorti
396 3498 470 3569 ardo]
486 3501 520 3563 os.
536 3512 556 3563 7,
571 3511 618 3552 707.
