2550 4000
216 200 277 264 196
528 214 589 249 eurr
606 215 703 251 rsenur.
721 197 741 250 Ι.
761 202 871 250 tlt-96.

215 374 349 434 praegnas
370 374 403 412 er
419 358 659 414 senatusconsulto
674 357 819 414 Claudiano
840 346 938 412 ancilla
957 355 1028 412 iacta
1042 356 1078 411 sit
1093 355 1131 412 ob
1145 354 1186 426 id,

216 442 290 516 quod
306 441 392 498 alieno
409 458 491 497 seruo
507 442 595 497 inuito
618 450 646 497 et
668 441 846 499 denuntiante
868 440 978 496 domino
1001 442 1060 496 eius
1084 436 1186 516 (coiit),

216 526 362 599 conplures
384 528 559 600 distinguunt
587 536 615 582 et
643 527 815 597 existimant,
845 527 869 580 si
896 525 1004 598 quidem
1038 541 1072 580 en
1104 525 1186 580 iustis

216 612 318 685 nuptiis
330 618 479 684 conceptus
491 611 537 681 sit,
549 612 635 667 ciuem
641 611 792 667 Romanum
798 627 831 665 ex
845 626 877 665 oa
885 611 971 680 nesci,
983 611 1006 664 si
1018 625 1085 666 uero
1096 608 1184 682 uolgo

216 704 366 769 conceptus
377 697 424 766 sit,
442 711 560 752 seruum
577 697 651 751 nasci
669 698 737 763 eius,
753 697 831 752 ouius
849 702 934 750 mater
952 694 1022 750 lecta
1041 702 1116 749 esset
1137 711 1185 748 en-

214 781 286 838 cilla.
321 774 372 838 92.
384 781 541 862 Peregrina
555 796 665 853 quoque
680 782 704 836 si
719 780 806 853 uulgo
820 780 987 852 conceperit,
1002 778 1100 835 deinde
1115 779 1185 833 ciuis

215 866 336 922 Romana
349 863 440 937 ‘faeta
454 881 526 920 nuno
544 859 651 937 ¹pariet,
668 865 755 920 ciuem
770 865 919 921 Romanum
935 865 1021 936 parit;
1037 864 1059 917 si
1072 878 1140 918 uero
1151 879 1186 917 er

163 965 205 1016 25,
215 950 361 1024 peregrino
376 941 380 1026 l
392 948 540 1006 secundum
547 949 623 1023 leges
631 965 776 1022 moresque
784 950 992 1022 peregrinorum
999 949 1137 1021 concepit,
1148 948 1186 1002 ita

218 1035 327 1091 uidetur
337 1049 370 1089 ex
382 1035 633 1104 senatusconsulto,
651 1035 724 1108 quod
739 1043 850 1090 auctore
861 1034 926 1089 diuo
938 1032 1072 1088 lletlriano
1084 1031 1185 1088 lactum

215 1128 268 1190 est,
289 1120 376 1174 ciuem
398 1119 546 1174 Romanum
567 1135 679 1192 parere,
701 1121 725 1174 si
746 1128 774 1174 et
794 1121 865 1191 patri
881 1120 941 1174 eius
955 1118 1052 1174 ciuitas
1067 1115 1186 1172 llomana

215 1198 366 1260 donetur.²

280 1282 330 1345 99.
347 1287 376 1344 Si
391 1290 553 1363 peregrinus
575 1286 626 1343 sibi
647 1287 794 1361 liberisque
814 1289 871 1343 suis
888 1288 1024 1344 ciuitatem
1039 1285 1186 1342 Romanam

220 1373 339 1448 petierit,
362 1390 418 1429 non
441 1371 519 1428 aliter
535 1369 582 1428 nttt
604 1375 631 1427 in
652 1381 789 1447 potestate
810 1373 869 1428 eius
890 1370 974 1442 irunt,
995 1388 1075 1445 quam
1095 1372 1119 1424 si
1135 1372 1184 1424 im-

218 1463 329 1532 perator
343 1472 391 1512 eos
406 1458 433 1512 in
450 1464 613 1529 potestatem
629 1457 781 1531 redegerit:
797 1456 872 1530 quod
893 1457 929 1512 ita
948 1457 1057 1513 demum
1072 1458 1095 1511 is
1111 1455 1185 1523 lacit,

220 1544 244 1598 si
259 1557 338 1596 eausa
361 1542 471 1614 cognite
486 1542 680 1611 aestimauerit,
704 1543 756 1597 hoc
777 1540 841 1598 liliis
863 1541 1004 1615 expedire:
1026 1540 1185 1614 diligentius

217 1634 307 1682 autem
330 1627 504 1698 exactiusque
528 1641 635 1681 oausam
657 1628 802 1699 cognoscit
823 1627 858 1682 de
883 1615 1074 1698 impuberibus
1091 1623 1186 1679 absen-

217 1711 359 1783 tibusque:
382 1718 410 1766 et
433 1711 497 1765 heec
518 1711 554 1765 ita
575 1710 666 1767 edicto
687 1710 745 1766 diui
761 1711 885 1766 lladriani
905 1709 1103 1784 significantur.
1134 1704 1185 1764 94.

217 1796 284 1852 ltem
299 1796 323 1850 si
343 1795 404 1869 quis
420 1810 480 1850 enm
496 1810 581 1850 uxore
603 1803 770 1870 praegnante
792 1797 903 1852 ciuitate
926 1794 1043 1850 llomana
1068 1794 1184 1851 donatus

218 1883 262 1950 sit,
279 1879 404 1953 quamuis
419 1881 453 1948 is,
469 1880 515 1952 qui
530 1881 661 1951 nascitur,
678 1889 708 1936 ut
723 1898 805 1954 supra
820 1880 885 1952 diri,
901 1881 968 1936 ciuis
986 1879 1125 1936 Romanus
1140 1880 1184 1946 sit,

221 1965 358 2021 tamenin
380 1971 515 2037 potestate
537 1967 621 2037 patris
644 1981 699 2022 nou
725 1963 771 2023 tit:
799 1964 882 2039 idque
909 1964 1109 2038 subscriptione
1131 1962 1185 2018 diui

221 2042 416 2106 'sanctissimi³
432 2048 556 2105 Hadriani
571 2048 752 2124 significatur.
780 2068 833 2124 qua
845 2051 878 2106 de
889 2066 969 2106 causa
980 2052 1027 2123 qui
1038 2049 1185 2122 intellegit,

219 2150 332 2191 uxorem
347 2151 424 2191 suam
439 2150 499 2189 esse
515 2144 706 2209 praegnatem,
722 2136 787 2191 dum
797 2137 937 2191 ciuitatem
951 2134 1002 2191 sibi
1017 2144 1045 2190 et
1060 2134 1139 2190 uxori
1154 2132 1186 2186 ab

218 2223 381 2293 imperatore
396 2220 474 2293 petit,
497 2220 578 2275 simul
594 2219 627 2275 ab
643 2220 739 2276 eodem
760 2229 854 2294 petere
875 2218 966 2291 debet,
990 2229 1020 2275 ut
1042 2235 1115 2288 eum,
1139 2219 1186 2291 qui

218 2314 298 2362 natus
314 2307 376 2375 erit,
391 2306 419 2359 in
434 2312 573 2375 potestate
588 2320 639 2359 sua
655 2304 759 2361 babeat.
789 2300 838 2361 95.
855 2304 911 2360 Alia
927 2311 1064 2361 causaest
1079 2318 1239 2373 eorumne]

220 2391 266 2461 qui
281 2386 361 2444 ’Latii
380 2381 459 2443 iure⁴
478 2404 540 2443 cum
562 2386 654 2444 liberis
674 2391 732 2444 suis
752 2390 784 2445 ad
800 2390 939 2445 ciuitatem
954 2389 1102 2446 Romanam
1125 2405 1185 2460 per-

221 2472 350 2542 ueniunt3
374 2486 436 2527 nam
451 2473 549 2528 horum
564 2474 592 2528 in
611 2482 748 2547 potestate
764 2472 834 2530 fiunt
849 2473 934 2534 liberi.
967 2468 1018 2531 96.
1036 2468 1128 2541 ⁵Quod
1144 2476 1186 2528 ius

1249 1166 1254 1222 t

294 2602 314 2672 ¹)
335 2602 379 2657 V⁵t
395 2615 456 2670 poet
474 2609 553 2657 trium
572 2610 718 2658 litterarum
736 2612 859 2673 epatium,
883 2615 938 2658 tunc
961 2609 1057 2659 babere
1075 2609 1186 2658 videtur.

222 2678 313 2728 Fuerit
330 2679 390 2729 lacta
405 2678 443 2729 b‘c.
509 2674 529 2745 ¹)
545 2678 590 2728 lte
613 2678 665 2733 W.
698 2680 804 2730 Rectius
823 2696 883 2730 uero
901 2696 953 2744 pro
972 2681 1045 2729 donet
1063 2682 1189 2743 scriptum

217 2751 290 2814 foret
307 2750 393 2800 donete
413 2754 452 2801 sit.
519 2747 571 2816 ³)s
596 2749 648 2801 Vii.
668 2753 703 2815 os.
724 2765 743 2814 1,
762 2764 796 2804 tt.
862 2748 884 2817 4)
900 2750 947 2801 Sic
965 2753 1125 2802 nuncetiam
1145 2747 1190 2799 Ver

220 2822 299 2871 Letini
319 2831 374 2872 eunt
392 2831 418 2873 et
435 2822 493 2872 edd.
519 2822 558 2886 Of.
573 2824 605 2873 de
623 2825 672 2874 lucc
690 2830 717 2872 et
734 2824 765 2872 de
783 2830 838 2873 tota
852 2838 882 2872 re
892 2829 954 2886 poet
967 2822 1085 2888 Madvig.
1099 2838 1188 2886 opusc.

216 2910 244 2957 p.
259 2904 306 2945 tta.
326 2894 369 2947 tib.
389 2902 505 2945 nostrum
525 2891 629 2945 ‘Gaius’
650 2912 675 2959 p.
695 2906 708 2945 e
731 2909 783 2958 seq.
803 2902 828 2943 et
852 2893 973 2957 Rodorfii
991 2895 1058 2958 disp.
1078 2896 1139 2944 crit.
1157 2894 1189 2941 de

220 2966 318 3013 maiore
337 2981 377 3015 uc.
396 2967 457 3015 min.
474 2964 561 3016 Latio.
575 2965 664 3017 Berol.
680 2978 740 3018 teto.
805 2963 826 3031 ⁵)
843 2964 915 3015 Num.
931 2967 959 3028 §i
972 2966 1031 3015 edd.
1046 2978 1067 3015 1.
1078 2977 1099 3018 2.
1114 2966 1188 3015 omis·

220 3049 276 3083 num
289 3034 332 3085 bie
342 3050 442 3099 ponere
454 3038 565 3100 placuit.

222 3160 254 3208 L.
270 3171 290 3211 5.
310 3161 349 3221 §5-
365 3171 385 3209 e.
405 3173 425 3212 tt.
446 3160 478 3209 L.
494 3172 527 3212 18.
552 3160 895 3227 n.ueuatot0m.(1‚e).
923 3161 956 3210 L.
970 3173 991 3211 4.
1027 3160 1189 3223 Gdepoen.

222 3228 254 3295 (o,
269 3230 314 3294 ea).
378 3227 404 3299 ξ.
420 3234 462 3282 92.
480 3231 518 3295 Os.
534 3233 574 3294 §i-
590 3244 623 3285 aa.
639 3245 674 3285 or.
737 3229 763 3302 §-
779 3235 822 3284 93.
838 3232 876 3295 Cf.
892 3245 914 3296 e,
928 3235 990 3283 1³5⁸.
1007 3244 1028 3295 s,
1043 3243 1077 3282 eo.
1098 3231 1189 3281 Cottae.

222 3315 256 3365 16,
272 3316 292 3355 t.
312 3304 335 3364 ξ.
351 3315 371 3353 a.
392 3303 462 3351 Ptin.
482 3318 521 3366 ep.
541 3316 578 3365 ιο,
597 3316 618 3355 6.
640 3303 739 3370 Peneg.
758 3317 792 3356 et.
811 3320 894 3367 supra
912 3306 936 3366 ἓ.
950 3314 984 3355 55.
1049 3299 1074 3371 ξ.
1090 3305 1134 3355 94.
1151 3302 1189 3365 Of.

222 3376 246 3435 ξ.
261 3386 295 3427 et.
359 3369 386 3442 ξ.
401 3376 444 3425 95.
460 3373 528 3431 Quod
539 3372 587 3441 ius]
606 3376 645 3439 Of.
658 3375 753 3427 Areon
766 3378 793 3424 in
809 3376 862 3425 Cic.
873 3375 964 3425 Pisce.
974 3390 1004 3439 p.
1014 3386 1034 3426 e.
1049 3374 1120 3424 Bait.
1136 3374 1189 3423 Cic.

223 3446 259 3495 ad
272 3445 353 3495 Attio.
368 3456 389 3507 o,
405 3457 438 3496 ιι.
458 3447 481 3507 9.
497 3457 517 3495 e.
537 3444 607 3497 Soet.
618 3446 686 3512 Aug.
696 3459 731 3498 aa.
750 3446 877 3509 struice,
892 3460 912 3497 1.
928 3448 951 3508 ξ.
967 3458 1000 3497 re.
1012 3462 1040 3509 p.
1051 3457 1100 3498 ree.
1119 3445 1189 3494 Ptin.

226 3516 257 3566 N.
273 3516 307 3567 H.
322 3529 343 3578 s,
358 3528 370 3567 e
384 3514 428 3582 (4).
447 3517 488 3579 ἐξ.
504 3528 536 3567 1e.
553 3526 586 3567 eo.
601 3528 636 3569 no.
651 3529 685 3568 oe.
700 3529 734 3569 eo.
751 3534 773 3567 e.
788 3516 885 3583 nobe).
905 3520 987 3579 §.sss
1011 3517 1092 3567 Tacit.
1107 3516 1141 3565 Α.
1156 3527 1189 3575 15,

223 3598 258 3639 ut.
277 3586 313 3636 H.
328 3598 349 3649 e,
363 3598 397 3639 55.
419 3586 489 3637 Ptin.
505 3603 600 3653 paneg.
620 3600 655 3641 tt.
669 3601 704 3641 89.
723 3588 858 3652 Spartica.
872 3589 959 3638 Hadr.
978 3599 1012 3639 to.
1035 3587 1114 3638 Orell.
1127 3598 1188 3639 tutu
