2550 4000
412 245 471 283 osu
488 248 580 288 murm.
598 233 633 287 ΙΙ.
653 239 773 290 26-26·.
1014 237 1076 303 227

108 401 212 444 urrisu
223 403 264 444 ux
275 403 349 446 rvris
363 406 530 456 ovmrrrvu
541 409 629 453 usvu
640 411 717 454 ssss
731 410 802 463 s103
819 395 916 452 deinde
932 404 1076 470 postquam
1157 402 1161 410 '

108 469 156 526 hic
170 470 358 544 uindicauerit,
376 483 501 546 praetor
513 481 671 554 interrogat
683 497 755 553 eum,
773 480 819 552 qui
833 480 915 552 cedit,
935 497 967 537 un
982 490 1077 538 contra

45 588 54 600 ·
108 554 245 625 uindicct;
258 574 312 629 quo
325 568 443 633 negante
457 569 504 618 aut
516 571 623 620 tacente
636 573 703 622 tunc
715 567 750 637 ci,
764 566 809 639 qui
819 564 1006 637 uindicauerit,
1018 581 1076 622 eom

108 655 168 696 rem
184 639 298 712 addicit3
313 643 396 716 idque
411 644 481 719 tegis
496 647 567 704 actio
584 658 708 707 uocatur.
746 650 798 706 hoc
812 648 870 706 deri
886 657 980 724 potest
995 651 1076 706 etism

107 725 136 779 in
158 727 308 798 prouinciis
325 731 402 801 opud
418 731 568 801 praesides
590 749 698 792 earum.
734 732 785 794 26.
801 735 965 809 Plerumque
986 743 1076 791 tumen

107 817 137 866 et
160 809 218 866 iere
240 827 348 886 semper
371 816 612 890 mancipationibus
635 821 752 876 utimur:
775 820 935 894 quodecim
953 821 1006 892 ipsi
1028 835 1077 892 per

106 911 161 951 nos
187 897 375 971 praesentibus
398 900 488 958 amicis
511 917 593 976 ogere
616 920 780 977 possumus,
808 905 860 962 hoo
882 920 937 960 non
960 904 1077 963 interest

107 976 190 1056 (nec)
213 977 342 1039 necesse¹
365 1000 427 1040 cum
450 987 550 1043 maiore
572 986 732 1046 difficultate
753 991 828 1064 opud
848 998 1001 1062 praetorem
1027 995 1076 1043 sut

106 1068 183 1139 opud
202 1067 352 1140 praesidem
373 1071 531 1142 prouinciae
550 1089 639 1147 ogere.
676 1070 727 1132 26.
749 1074 826 1142 Quod
848 1075 871 1129 si
892 1089 982 1147 neque
1002 1089 1075 1128 man·

106 1152 210 1224 cipue,
238 1168 327 1227 neque
353 1155 381 1210 in
410 1157 469 1212 iure
497 1173 572 1214 cessa
601 1160 637 1216 sit
665 1176 710 1216 res
740 1152 875 1233 muncipi²
899 1158 1074 1229 Ι---
1087 1155 1134 1261 t60¹

646 1373 654 1388 ‚
673 1332 732 1385 1..
827 1377 833 1388 ,
1091 1326 1132 1380 dl.

167 1447 173 1462 .
191 1448 196 1460 .
213 1454 219 1468 .
235 1408 274 1465 ’in
286 1417 447 1481 prouinciis
462 1432 532 1472 uero
548 1432 604 1472 non
612 1348 701 1472 ν120110
713 1419 718 1482 Ι
732 1330 868 1489 ξτξίἰῗιιω
884 1417 992 1472 nulium
1006 1321 1072 1486 mi
1087 1395 1104 1434 ²·
1119 1402 1137 1432 '‘

107 1506 255 1552 sessorum
272 1503 442 1572 proprium,
464 1502 572 1556 sedne
593 1499 714 1573 quitdem
730 1500 785 1557 uiir
806 1498 889 1556 libero
906 1501 1004 1556 ciuitas
1019 1506 1071 1555 est.

113 1685 117 1690 -
181 1644 202 1713 ¹)
216 1664 261 1700 neo
271 1651 413 1716 duplicavi.
470 1647 491 1718 ²)
507 1651 576 1702 Puta
586 1661 765 1704 secutumesse
777 1649 942 1702 ‘redeuntum
951 1647 1072 1701 tradita'.

107 1719 224 1769 Ceterum
238 1723 315 1771 etiam
334 1718 379 1771 Vi*
392 1738 427 1772 em
440 1723 490 1772 isac
500 1739 564 1789 pap.
571 1739 660 1788 pauca
670 1731 768 1774 tuntum
778 1725 891 1773 continet
903 1722 982 1773 uerba
997 1722 1072 1771 initio

105 1792 267 1854 quorundam
286 1808 417 1857 uersuum,
436 1797 504 1843 uelut
522 1808 577 1848 Μ.
592 1794 705 1861 m(odo?)
724 1796 794 1858 plens
813 1794 937 1858 possessio
957 1806 1073 1841 concessa

104 1878 128 1910 u.
139 1874 159 1914 s.
179 1877 207 1911 ex
222 1864 322 1912 formula
337 1879 479 1928 qrramquum
496 1864 561 1932 (pra
579 1865 628 1916 isac
646 1867 694 1915 sed
711 1865 788 1915 dubie
806 1880 852 1930 qus
871 1865 896 1914 hi
914 1864 954 1929 qui
969 1861 1072 1927 Suppi.)

104 1935 169 1983 uir.
180 1935 270 1984 fructus
280 1949 309 1984 ne
321 1947 382 1985 mss.
403 1937 461 1985 Item
472 1937 548 1986 adhuc
559 1938 582 1985 in
593 1949 657 1989 u.1·t.
667 1951 714 1986 non
724 1936 833 1986 fuissent⁴
852 1934 993 2000 suspicari
1002 1935 1071 1996 iicet,

107 2004 200 2055 Gaium
210 2008 237 2055 in
247 2006 298 2056 hac
303 2022 365 2072 pap.
371 2009 484 2071 primum
493 2008 601 2066 dimisse,
612 2024 666 2057 rem
676 2010 789 2072 mancipi
798 2009 922 2058 traditam
932 2014 1039 2064 tantum,
1048 2007 1073 2054 oi

104 2077 208 2139 quidem
217 2092 234 2125 a
244 2079 300 2126 ciue
310 2077 392 2137 Rom,
401 2093 453 2127 non
467 2079 538 2141 efflei
547 2081 702 2141 accipientis
715 2094 750 2128 erc
762 2080 822 2128 iure
834 2077 908 2138 Quir.
918 2079 1001 2129 donec
1010 2092 1070 2125 nou·

104 2147 1071 2214 capiaturiindonisfieri,posteademumdicit§·m.);eiueroupereprino,

104 2234 163 2267 cum
177 2233 227 2282 quo
241 2220 283 2268 ius
297 2222 444 2269 commercii
454 2234 505 2269 non
519 2221 561 2279 sit,
572 2221 685 2284 perinde
698 2234 796 2270 esseae
808 2221 833 2269 si
846 2234 894 2269 nec
905 2219 1020 2282 mancipi
1028 2232 1072 2267 res

104 2290 205 2339 tradita
213 2288 422 2356 madescam.
434 2290 492 2341 Vat.
498 2302 525 2343 st
531 2291 595 2357 not.)
600 2308 610 2348 ,·
619 2298 698 2342 totum
707 2292 775 2341 enim
781 2291 830 2341 isac
837 2305 925 2340 rerum
932 2291 1073 2340 discrimen

104 2361 174 2409 iuris
184 2362 270 2409 ciuilis
279 2376 348 2410 esse:
361 2362 409 2411 sed
417 2377 465 2411 nec
479 2362 622 2414 traditione
631 2363 748 2425 praedia
757 2362 945 2426 provincialia,
955 2362 1071 2427 quamuis

104 2432 273 2495 neamancipi
279 2433 339 2491 sini,
347 2434 502 2498 accipientis
507 2435 586 2497 piena
595 2434 728 2497 iurefieri,
737 2436 856 2499 quoniam
861 2434 1073 2497 priuatiseorum
1106 2484 1111 2491 ,

104 2510 203 2552 tantum
216 2503 285 2566 plena
295 2504 418 2566 possessio
429 2519 544 2554 concesse
554 2502 604 2562 sits
618 2513 789 2555 verumtamen
804 2521 861 2556 eum
875 2520 974 2570 quoque
983 2520 1012 2553 ex
1020 2505 1071 2553 iar-

104 2574 176 2635 muis,
193 2588 326 2637 quanquam
336 2590 437 2635 nonen,
452 2591 518 2640 quae
532 2577 635 2627 domino
645 2579 704 2626 iure
713 2577 786 2627 ciuili
795 2578 924 2639 competit,
933 2576 1071 2625 uindicare

101 2659 178 2707 posse
205 2653 243 2695 set
258 2652 283 2695 et
295 2647 413 2709 fructus,
429 2654 457 2697 ut
466 2654 571 2697 nostrae
585 2648 690 2697 rotatae
704 2655 826 2698 auctores
834 2653 936 2711 putant,
950 2662 994 2697 eos
1008 2661 1071 2709 quos

105 2730 185 2779 opera
195 2730 243 2765 sua
254 2718 408 2781 acquisierit
418 2717 460 2782 (L.
467 2729 501 2769 so.
512 2719 543 2767 I).
551 2719 582 2768 de
590 2734 662 2767 usur.
669 2730 704 2781 22,
710 2718 743 2783 1),
752 2719 893 2769 secundum
902 2717 1070 2766 Proculeirno·

103 2803 160 2836 rurn
171 2795 255 2837 autem
262 2791 415 2838 sententiam
425 2791 502 2839 etiam
512 2791 672 2840 aiiosomnes
681 2790 773 2839 fructus
782 2790 896 2839 naturali
902 2790 1006 2837 ratione
1015 2787 1071 2835 eius

99 2858 212 2922 perinde
221 2874 253 2909 ac
263 2859 361 2909 domini
366 2861 443 2923 fieri5
453 2860 509 2909 item
517 2860 594 2910 adhuc
602 2861 626 2909 in
633 2862 798 2924 possessione
806 2875 894 2909 earum
899 2859 1071 2923 praediorum

104 2930 139 2978 ad
148 2928 279 2979 obtinenda
289 2946 320 2979 ec
331 2946 382 2981 non
397 2933 556 2995 usucapione
570 2932 680 2996 quidem,
694 2932 719 2980 si
727 2932 871 2981 venditoris
883 2927 886 2997 Ι
899 2945 946 2979 nou
961 2930 1069 2990 inissent,

103 3000 150 3051 sed
154 3016 205 3064 per
212 3002 284 3067 ionpi
290 3004 412 3066 temporis
416 3004 651 3067 praescriptionem
659 3004 729 3053 tueri
737 3018 765 3052 se
768 3018 854 3067 posse.
874 3001 975 3052 Deinde
983 3002 1010 3050 in
1017 3001 1070 3063 fine

104 3072 245 3137 liuiuspap.
255 3079 279 3122 ei
282 3074 371 3138 prima
378 3082 455 3138 parte
461 3076 599 3139 sequentis,
610 3073 655 3123 ubi
661 3072 750 3123 Sidus
757 3080 854 3123 tontum
862 3074 987 3138 quaedam
997 3078 1070 3123 certa

104 3141 182 3193 uerba
192 3145 268 3194 initio
275 3160 402 3205 oersrmm,
412 3148 480 3195 uelut
488 3157 537 3196 me.
557 3140 804 3213 (com)1municutione
811 3143 845 3211 (i)
853 3160 899 3194 non
909 3143 943 3212 (i)
951 3156 1000 3196 us.
1012 3141 1069 3207 e(st)

104 3230 149 3279 quo
161 3216 257 3264 nomine
268 3232 290 3264 u.
301 3227 321 3267 o.
337 3217 460 3280 praedium
471 3219 555 3282 tepere
564 3218 661 3280 potuit,
673 3216 755 3266 Gaius
764 3217 868 3266 ridetur
876 3218 1028 3280 exposuisse
1037 3215 1069 3262 de

103 3289 161 3336 iure
171 3289 327 3346 commercii,
340 3284 343 3351 i
356 3302 402 3351 quo
412 3288 507 3337 nomine
517 3289 617 3338 emendi
632 3288 812 3352 uendendique
825 3289 922 3337 inuicto
936 3289 978 3336 ius
986 3286 1068 3349 sipni·

101 3360 211 3421 licntur,
230 3364 254 3407 et
269 3359 375 3421 plenius
394 3359 494 3422 quidem
513 3374 587 3424 quam
613 3358 669 3422 Uip.
685 3371 815 3421 19,14.15.
849 3357 1069 3421 Mancipationem

103 3442 177 3487 uero,
195 3431 221 3478 si
235 3428 267 3478 ab
281 3444 323 3487 eo,
344 3430 445 3492 quicum
464 3430 505 3477 ius
526 3432 673 3481 commercii
686 3432 733 3488 sit,
752 3445 797 3479 res
810 3430 925 3493 mancipi
938 3427 1068 3489 mancipio

103 3502 264 3563 accipiatur,
289 3501 364 3549 etiam
383 3515 477 3549 nemrim
495 3502 642 3562 continere,
664 3503 681 3550 i.
701 3517 722 3550 e.
742 3508 770 3550 ut
793 3500 913 3549 uenditor
932 3500 1015 3549 euicta
1038 3511 1068 3545 re

173 3620 199 3693 ξ.
214 3626 257 3676 26.
275 3624 312 3687 Of.
329 3636 349 3687 1,
364 3620 412 3674 eth.
485 3620 509 3692 ξ.
526 3626 582 3675 26⁸.
600 3624 639 3687 Cf.
653 3639 735 3688 rupra
749 3625 772 3685 ξ.
788 3635 809 3676 t.

812 3708 864 3761 15*
