2550 4000
415 225 474 260 oum
490 224 592 260 rnenrn.
612 206 632 264 Ι,
652 212 761 262 86-91.
1013 210 1074 274 195

105 367 219 423 liberam
235 383 310 438 esse,
326 353 438 438 coie'rit,
455 365 588 440 siquidem
602 366 715 423 masculi
731 376 891 439 nascautur,
911 366 988 423 liberi
1008 369 1074 439 sint,

105 455 128 507 si
144 468 212 508 uero
228 452 353 522 feminae,
370 451 403 508 ad
420 469 483 509 eum
498 453 662 528 pertineant,
683 453 761 508 ouius
776 461 862 507 mater
876 452 969 508 anciila
983 452 1075 511 inerit.

105 537 153 592 sed
171 543 199 592 et
214 539 241 592 in
253 537 303 593 hac
312 537 404 610 specie
416 536 497 592 diuus
509 535 700 608 Vespasianus,
716 535 879 609 inelegantia
891 538 958 592 iuris
970 546 1072 607 motus,

109 623 232 677 restituit
246 623 312 676 iuris
329 622 450 693 gentium
466 619 597 694 regulam,
615 628 646 676 ut
660 621 828 691 omnimodo,
845 623 949 677 etiamsi
964 622 1074 678 masculi

110 713 267 776 nascantur,
284 707 359 761 serui
373 707 429 761 sint
444 707 512 776 eius,
528 706 605 760 cuius
621 715 650 760 ct
664 714 750 761 mater
765 705 860 762 fuerit.
894 699 945 762 86.
960 705 1013 761 Sed
1028 703 1074 762 iila

108 807 172 864 pars
188 791 309 846 eiusdem
326 790 394 864 legis
411 790 484 845 salua
500 798 550 860 est,
567 799 598 845 ut
610 790 774 866 exliberaet
786 807 867 846 seruo
879 790 977 861 alieno,
994 807 1075 864 quem

109 874 214 931 sciebat
234 891 344 931 seruum
366 892 437 946 esse,
459 877 533 930 semri
547 884 701 930 nascantur.
734 874 826 949 itaque
840 875 911 948 apud
927 892 997 948 quos
1014 874 1075 931 talis

109 959 154 1014 lex
169 975 225 1015 non
240 968 292 1030 est,
308 961 353 1032 qui
370 965 503 1031 nascitur,
520 961 579 1015 iure
594 962 716 1034 gentium
729 961 823 1016 matris
835 960 1020 1016 condicionem
1033 975 1075 1015 se·

105 1045 203 1117 quitur
218 1053 245 1100 et
261 1043 295 1099 ob
310 1043 338 1100 id
352 1043 420 1100 liber
436 1053 487 1101 est.

169 1124 216 1185 8⁷.
241 1127 343 1196 Quibus
367 1139 458 1186 autern
481 1127 588 1186 casibus
604 1130 696 1185 matris
711 1139 739 1185 et
760 1147 815 1186 non
835 1131 920 1202 patris
936 1129 1072 1186 condicio·

105 1230 168 1270 nem
191 1215 317 1286 sequitur
340 1215 386 1286 qui
408 1217 544 1290 nascitur,
559 1213 655 1269 eisdem
675 1213 782 1270 casibus
804 1216 831 1269 in
852 1219 990 1288 potestate
1012 1230 1074 1270 eum

105 1300 202 1372 patris,
218 1299 323 1354 etiamsi
338 1300 361 1354 is
377 1299 444 1355 ciuis
456 1300 592 1355 Romanus
608 1299 653 1367 sit,
670 1316 725 1354 non
741 1316 802 1355 csse
817 1299 878 1372 pius
895 1316 975 1372 quam
990 1300 1074 1354 mani·

106 1383 208 1438 testum
233 1391 284 1438 ost.
330 1391 357 1438 et
372 1383 435 1440 ideo
451 1385 577 1457 superius
593 1384 765 1457 rettulimus,
789 1383 949 1457 quibusdam
966 1383 1072 1440 casibus

103 1484 155 1541 per
175 1483 296 1522 errorem
319 1483 374 1523 non
395 1471 468 1524 iusto
492 1471 633 1524 contracto
654 1469 824 1524 matrimonio
846 1478 969 1524 senatum
989 1470 1074 1525 iuter·

105 1553 199 1607 uenire
222 1557 250 1606 et
272 1553 416 1608 ementiare
438 1555 535 1608 uitium
551 1553 726 1624 matrimonii,
741 1553 926 1626 ecquomodo
945 1553 1073 1627 ’pierum-

104 1627 176 1708 que¹
194 1633 310 1706 efficere,
327 1645 358 1692 ut
373 1639 401 1692 iu
416 1645 581 1711 potestatem
595 1638 681 1709 patris
692 1635 764 1692 fitius
779 1637 929 1711 redigatur.
953 1636 1002 1698 88.
1020 1637 1073 1693 Sed

103 1723 127 1776 si
143 1720 239 1776 ancilla
255 1737 287 1776 ex
302 1722 361 1776 ciue
377 1723 498 1779 Romano
520 1724 688 1795 conceperit,
709 1722 806 1778 deinde
826 1724 988 1779 manumissa
1004 1723 1073 1779 ciuis

104 1806 223 1862 Romana
245 1804 312 1860 iacta
328 1807 374 1879 sit,
398 1816 425 1863 et
441 1815 506 1862 tuno
520 1807 616 1880 pariat,
638 1806 704 1862 licet
725 1809 794 1864 ciuis
809 1807 945 1864 Romanus
968 1809 1004 1863 sit
1026 1807 1074 1880 qui

104 1891 237 1961 nascitur,
257 1881 263 1966 Ι
282 1891 352 1946 sicut
367 1899 444 1965 pater
461 1893 528 1960 eius,
544 1907 600 1946 non
616 1897 708 1947 tamen
723 1893 751 1948 iu
766 1899 902 1966 potestate
917 1894 1002 1965 patris
1018 1900 1071 1961 est,
1085 1899 1128 1952 64.

105 1977 170 2049 quia
197 1991 287 2049 neque
315 1991 348 2030 er
371 1977 444 2032 iusto
473 1977 548 2032 coitu
577 1984 725 2049 conceptus
756 1984 813 2048 est,
844 1993 932 2050 neque
960 1993 992 2033 ex
1015 1975 1072 2032 ullo

104 2058 345 2117 senatusconsulto
364 2061 423 2117 talis
439 2063 527 2116 coitus
544 2062 621 2134 quasi
636 2063 725 2116 iustus
741 2063 931 2117 constituitur.

169 2139 219 2199 89.
238 2142 315 2211 Quod
336 2154 424 2201 autem
445 2145 563 2218 placuit,
587 2146 609 2198 si
631 2145 727 2200 anciila
744 2162 776 2201 ex
798 2148 857 2202 ciue
872 2144 993 2201 Romano
1008 2161 1072 2201 con-

105 2230 222 2303 ceperit,
246 2228 343 2283 deinde
363 2230 525 2285 manumissa
545 2230 697 2303 pepererit,
719 2232 765 2303 qui
793 2229 928 2299 nascitur,
959 2228 1072 2285 liberum

104 2316 188 2384 nasci,
206 2310 353 2386 (naburali
369 2317 475 2371 ratione
490 2312 537 2382 fit;
556 2330 614 2369 nam
631 2314 674 2383 bi,
697 2316 744 2387 qui
758 2314 900 2387 illegitime
916 2315 1072 2388 concipiun-

104 2407 160 2471 tur,
176 2406 276 2454 statum
293 2409 404 2455 sumunt
419 2417 451 2455 ex
467 2415 500 2455 eo
521 2407 662 2471 tempore,
683 2416 738 2472 quo
753 2408 918 2475 nascuntur3
938 2401 1031 2473 itaque
1049 2400 1072 2453 si

105 2500 137 2539 ea
153 2481 236 2538 libera
251 2490 411 2558 nascuntur,
433 2482 511 2539 liberi
532 2482 611 2555 fiunt,
633 2498 685 2539 nec
699 2486 829 2554 interest,
852 2500 885 2538 eu
908 2500 962 2556 quo
985 2492 1073 2539 mater

32 2580 90 2633 [166]
106 2584 153 2623 eos
170 2569 335 2639 conceperit,
357 2586 418 2624 cum
440 2568 535 2625 ancilia
556 2567 653 2623 fuerit:
675 2570 754 2639 athi,
777 2570 823 2642 qui
843 2568 964 2641 legitime
982 2570 1072 2625 conci·

103 2652 225 2725 piuntur,
241 2669 272 2708 ex
288 2654 473 2726 conceptionis
489 2661 612 2725 tempore
633 2660 736 2709 statum
751 2660 872 2708 sumunt.
909 2647 962 2714 90.
978 2653 1071 2725 itaque

103 2738 126 2791 si
149 2740 194 2792 cui
213 2736 320 2791 mulieri
346 2740 399 2795 ciui
422 2739 556 2794 Romanae
579 2741 740 2811 praegnanti
762 2753 831 2811 aqua
854 2745 881 2791 et
908 2737 966 2809 igni
987 2739 1071 2792 inter-

103 2820 204 2876 dictum
221 2821 313 2892 tuerit,
330 2822 515 2896 ecquomodo
531 2824 674 2895 peregrina
691 2822 776 2878 ’iacta
788 2814 875 2875 tuuc²
891 2821 989 2892 pariat,
1005 2837 1070 2877 con·

103 2904 196 2977 plures
212 2905 387 2979 distinguunt
402 2916 429 2963 ct
445 2914 554 2979 putant,
566 2899 599 2962 ‘ai
615 2906 723 2981 quidem
739 2922 770 2961 ex
786 2906 867 2960 iustis
884 2907 988 2979 nuptiis
1003 2922 1069 2963 oon-

103 2991 215 3062 ceperit‚
232 2991 319 3045 ciuem
334 2992 483 3047 Romanum
500 3007 531 3046 ex
544 3008 574 3047 ea
587 2993 671 3062 nasci,
687 2992 710 3045 si
722 3006 788 3047 uero
800 2989 885 3064 uolgo
902 2992 1069 3066 conceperit,

103 3076 276 3146 peregrinum
292 3090 324 3128 ex
340 3093 369 3131 ea
386 3078 467 3132 nasci.
504 3070 548 3131 tl.
565 3076 631 3133 item
647 3078 670 3132 si
687 3093 740 3150 qua
756 3076 854 3132 mulier
869 3078 935 3133 ciuis
950 3076 1069 3133 Romana

176 3203 196 3274 1)
213 3208 250 3273 Of.
266 3211 289 3271 6.
305 3222 339 3261 68,
392 3206 413 3275 ²)
429 3204 474 3258 Eat
488 3206 586 3259 Vflisic
598 3211 708 3274 facilius
722 3212 826 3276 tegitur.
850 3212 892 3260 tiat
905 3219 929 3260 et
943 3211 1067 3261 tnncedd.

96 3280 184 3342 prior.

98 3358 312 3371 --·-...-...

172 3383 255 3455 iffi·

278 3388 315 3451 Of.
331 3389 370 3448 66.
386 3398 478 3451 etseq
543 3384 621 3455 §.88
639 3390 678 3453 Of.
688 3389 721 3437 L.
735 3401 770 3440 16.
790 3389 822 3437 D
838 3390 870 3439 de
884 3390 971 3453 adopt
988 3389 1020 3454 (1,
1035 3388 1067 3450 6).

99 3454 125 3526 §-
141 3459 183 3507 89.
207 3458 245 3520 Cf,
264 3458 320 3522 Ilp
336 3470 405 3521 6,16
426 3458 458 3507 L.
478 3470 511 3509 18.
531 3471 564 3509 64
584 3460 616 3510 Ι).
636 3462 669 3510 de
687 3460 839 3510 66116μή661
859 3460 890 3524 (1,
904 3459 936 3524 6).
960 3458 1065 3519 Quinto.

99 3526 488 3667 ἑ,106,1.,6,ἕ,ἒ616.16..6
508 3529 572 3581 Lo
591 3529 871 3597 D.admontc.1.(so‚)
927 3526 1010 3597 §90-
1028 3530 1067 3650 Cf,

315 3605 324 3650 1
353 3600 391 3663 Os.
413 3602 566 3661 §§.64.1to.
590 3600 646 3665 lltp
661 3601 844 3665 11‚11.Paut
864 3613 885 3662 6,
900 3612 933 3653 66
954 3602 1059 3663 66.

864 3684 914 3735 13·
