2550 4000
354 277 522 314 ss111nsr1r.
542 259 577 313 11.
598 266 640 315 79.
659 267 772 315 tta-64.
977 261 1041 326 237

73 417 159 464 tuam
176 424 246 479 esse,
259 425 313 466 nec
323 407 414 464 soluas
425 409 543 482 pretium
555 406 670 477 tabulae,
681 409 785 481 poteris
796 423 846 481 per
856 411 1043 484 exceptionem

73 491 143 550 doli
163 492 222 548 mali
237 493 422 560 summoueri3
444 499 472 547 at
491 493 515 548 si
536 499 565 547 tu
581 492 736 564 possideas,
752 508 923 566 consequens
938 502 996 565 est,
1012 503 1043 553 ut

76 575 163 634 utilis
178 576 241 634 mibi
254 577 323 635 actio
335 575 480 636 aduersum
493 583 519 634 te
528 575 587 634 dart
599 575 715 650 debcct3
733 591 788 648 qno
799 591 864 634 casn
874 579 927 634 nisi
938 576 1043 636 soluam

13 665 58 714 32]
76 661 225 732 inpensam
241 663 380 733 picturae,
401 661 503 734 poteris
518 675 561 716 me
582 675 631 734 per
646 661 831 733 exceptionem
852 659 908 719 doli
922 659 986 720 mali
1000 677 1043 719 re-

74 743 204 816 pellere,
219 745 315 818 utiquc
330 745 353 802 si
367 743 439 801 bona
454 741 507 800 lide
527 759 672 816 possessor
685 743 780 803 lucris.
808 743 879 802 illud
890 744 976 818 palam
989 755 1043 817 est,

76 827 162 900 quod
182 829 240 886 siue
261 837 292 886 tu
312 827 495 902 subripuisses
514 825 631 898 tabellam
650 828 710 886 siue
731 827 817 898 alius,
835 830 957 901 conpetit
979 829 1042 888 mllri

77 911 154 966 surii
170 913 249 968 actio.

151 990 199 1052 ts.
222 996 256 1056 ln
277 995 334 1052 aliis
355 1011 464 1068 quoque
483 993 625 1068 speciebus
644 995 773 1054 naturabs
793 998 863 1052 ratio
879 997 1042 1071 requiritur:

77 1079 203 1152 proinde
217 1082 240 1136 si
252 1095 284 1136 er
295 1080 356 1135 uuis
369 1073 435 1154 (cut
446 1080 530 1136 olicis
539 1085 590 1136 aut
601 1073 702 1156 spicis)
714 1081 780 1136 meis
793 1081 885 1138 uiuum
895 1089 942 1137 aul
953 1081 1043 1139 oleum

78 1170 136 1218 aut
157 1161 322 1222 frumentum
345 1163 454 1234 leceris,
470 1163 625 1236 quaeritur,
649 1171 739 1224 ulrum
753 1179 844 1223 mcum
857 1163 895 1222 sit
908 1164 936 1222 id
950 1167 1043 1224 uinum

79 1253 134 1300 aut
158 1245 247 1304 oleum
267 1255 313 1302 rut
338 1245 519 1316 frumentum,
547 1264 580 1306 an
604 1255 693 1310 tuum.
730 1250 796 1306 item
815 1252 839 1304 si
859 1264 891 1306 er
911 1265 977 1304 auro
996 1258 1043 1306 aut

80 1338 203 1401 argento
219 1346 280 1386 meo
297 1347 343 1386 uas
358 1330 466 1402 aliquod
478 1330 584 1401 leceris,
600 1331 646 1388 uel
657 1347 690 1388 ex
701 1329 799 1390 tabulis
812 1333 878 1390 meis
889 1347 985 1390 nauem
996 1340 1044 1388 aut

82 1415 230 1472 armarium
253 1424 300 1470 aut
320 1413 478 1470 subsellium
501 1413 691 1487 lubricamus,
719 1417 785 1472 item
805 1417 830 1472 si
852 1432 885 1490 ex
904 1416 965 1474 lma
985 1432 1043 1474 mea

80 1499 282 1554 uestimentum
303 1497 414 1568 leceris,
436 1497 480 1554 uel
502 1500 525 1554 si
548 1514 580 1554 ex
603 1500 668 1558 uino
691 1507 719 1554 et
741 1499 821 1557 melle
843 1515 903 1556 meo
925 1499 1043 1557 mulsum

81 1581 193 1648 leceris,
216 1585 275 1638 siue
290 1597 322 1638 er
343 1580 544 1640 medicamentis
559 1584 625 1638 meis
641 1582 816 1656 emplastrum
838 1592 884 1639 aut
899 1583 1043 1657 collyrium

80 1665 193 1737 leceris,
203 1660 373 1739 (quaeritur,
386 1673 481 1724 utrum
493 1673 571 1722 tuum
581 1669 617 1725 sit
625 1669 664 1738 id,
676 1668 754 1738 quod
762 1683 802 1726 em
811 1682 873 1725 mec
884 1664 1041 1740 effecerim)

82 1765 122 1806 an
137 1765 235 1808 meum.
266 1749 378 1817 Quidam
399 1751 536 1808 materiam
558 1757 586 1808 et
602 1751 779 1808 substantiam
794 1752 967 1824 spectandam
982 1767 1042 1810 esse

81 1841 201 1906 putant,
221 1833 320 1904 idest,
340 1842 372 1890 ut
391 1835 467 1890 cuius
481 1836 592 1893 materia
611 1837 657 1904 sit,
671 1825 744 1893 illius
760 1843 787 1891 et
802 1851 862 1906 res,
878 1835 952 1908 'quae
974 1834 1043 1893 tacta

80 1918 134 1988 sit,
148 1917 274 1974 uidentur
289 1933 359 1990 esse,
375 1917 456 1988 idque
470 1919 582 1976 manime
597 1917 699 1991 placuit
713 1917 812 1976 Sabino
827 1927 856 1975 et
870 1920 976 1993 cassim
999 1918 1043 1978 alii

82 2018 155 2058 uero
171 2006 233 2058 eius
247 2017 306 2057 rem
321 2018 380 2057 esse
395 2006 501 2075 putant,
517 2003 679 2075 uniformit,
696 2002 777 2075 idque
792 2005 905 2059 maxime
920 2002 1043 2059 diuersae

83 2085 199 2141 scholae
213 2085 369 2141 auctoribus
385 2086 473 2140 uisum
488 2092 543 2141 est:
557 2078 561 2162 (
575 2085 622 2141 sed
638 2101 699 2141 eum
712 2102 830 2158 quoque,
843 2089 920 2143 cuius
931 2088 1042 2143 materia
1052 2097 1093 2145 23.

84 2178 118 2227 et
143 2168 293 2227 substantia
318 2168 418 2239 luerit,
437 2168 511 2223 'furti
536 2168 666 2225 aduersus
691 2185 769 2238 eum,
798 2171 843 2243 qui
867 2169 1043 2243 subripuerit,

85 2251 189 2311 habere
205 2254 353 2321 actionem3
369 2268 419 2310 nec
433 2252 523 2311 minus
539 2252 671 2311 aduersus
683 2248 797 2309 erundem
810 2252 1008 2313 condictionem
1019 2256 1044 2311 ei

86 2345 255 2411 competere,
271 2338 337 2411 quic
349 2337 482 2395 extinctae
494 2352 547 2407 res,
561 2336 627 2395 licet
639 2335 767 2396 uindicari
779 2339 963 2412 nonpossint,
979 2354 1043 2395 con·

86 2421 142 2501 dipl
157 2428 245 2477 tamen
259 2420 365 2477 furibus
380 2429 408 2477 et
423 2420 581 2494 quibusdam
596 2421 656 2477 aliis
670 2422 874 2495 possessoribus
890 2431 1015 2495 possunt.

152 2500 201 2563 62.
223 2499 341 2561 ¹tlccidit
355 2503 508 2579 aliquando,
525 2514 555 2561 nt
570 2508 615 2577 qui
628 2505 754 2564 dominus
769 2508 815 2578 sit,
829 2506 987 2566 alicnaudoe
1002 2510 1042 2566 rei

88 2596 251 2663 potestatem
277 2605 332 2645 non
354 2589 465 2658 babeat,
487 2591 583 2661 etqui
608 2589 733 2646 dominus
752 2606 807 2648 non
827 2594 879 2659 sit,
899 2589 1095 2661 lclreuarees.

90 2673 185 2746 possit.
215 2668 264 2731 63.
285 2672 348 2729 Nam
364 2672 454 2729 dotale
469 2674 609 2746 praedium
630 2676 742 2730 maritus
763 2675 848 2730 inuita
863 2674 979 2730 muliere
994 2692 1043 2748 per

90 2756 178 2834 legem
194 2757 286 2817 Iuliam
303 2756 462 2831 prohibetur
477 2755 602 2829 alienare,
615 2760 739 2830 quamuis
754 2759 838 2832 ipsius
854 2762 891 2813 sit
909 2758 951 2813 uel
968 2774 1041 2813 man·

91 2841 207 2914 cipetum
226 2844 252 2899 ei
272 2841 343 2898 dotis
366 2857 445 2901 causa
467 2840 512 2897 uel
534 2843 561 2901 in
583 2842 642 2899 iure
667 2857 773 2899 cessum
800 2840 844 2896 uel
873 2850 1040 2915 usucaptum.

91 2924 165 2997 quod
186 2926 294 2999 quidem
316 2927 358 2982 ius
379 2934 471 2983 ulrum
491 2925 523 2983 ad
539 2925 630 2982 ltalioa
644 2934 748 2982 tantum
763 2925 887 2998 praedia,
909 2942 943 2982 au
962 2928 1042 2983 ctiam

92 3008 124 3063 ad
138 3010 311 3083 prouincialia
326 3011 469 3083 pertineat,
491 3009 637 3067 dubitatur.
678 3004 727 3065 64.
750 3010 787 3065 lin
802 3008 911 3065 diuerso
927 3019 1041 3085 agnatus

163 3158 183 3227 ¹)
201 3162 240 3211 De
263 3162 311 3211 ltoe
329 3162 368 3223 ἐξ.
387 3172 482 3213 62-64.
506 3176 568 3211 vero
588 3164 645 3211 loco
665 3161 701 3224 cf·
720 3168 771 3211 not.
791 3166 850 3210 ante
868 3163 892 3224 ἕ.
911 3173 944 3215 85.
964 3164 1043 3213 etad

92 3233 130 3294 ἕξ.
144 3244 239 3284 80-85.
254 3234 277 3293 ξ.
293 3243 313 3281 2.
333 3232 355 3281 I.
370 3230 439 3295 quib.
455 3234 531 3281 alien.
547 3234 589 3281 lt’c.
605 3231 635 3298 (2,
651 3230 682 3297 8).

160 3387 242 3461 §.79
264 3390 494 3454 Ofihiw5‘lD
510 3392 606 3441 titcit.
621 3392 689 3453 §.25
708 3390 1040 3456 Ltit.cit.Epit.2,1..-§5

93 3458 117 3529 §-
132 3460 317 3525 en.=pr.1.
338 3460 404 3525 quib.
425 3463 564 3511 ullenho
584 3460 620 3525 (2
639 3461 670 3527 8).
738 3458 764 3529 ξ.
780 3466 821 3513 63.
837 3479 881 3525 pr.
896 3462 918 3511 I.
934 3463 976 3511 cit.
1002 3460 1040 3524 Cf.

94 3533 166 3582 Paul.
181 3545 202 3591 2,
217 3545 243 3585 21
257 3532 288 3581 Β.
307 3533 330 3593 ἕ
346 3542 366 3581 2.
417 3527 441 3598 §.
454 3534 495 3583 64.
517 3532 553 3595 Cf.
570 3460 621 3581 dgic
637 3532 669 3581 de
684 3533 777 3581 invent
793 3544 814 3588 2,
828 3543 861 3583 50.
877 3533 913 3581 ad
925 3533 1040 3581 Herenn

94 3615 157 3661 1,1s.
182 3603 236 3666 Uip.
257 3615 294 3660 12,
309 3614 329 3652 a.
349 3602 380 3650 L.
401 3614 434 3653 ee.
453 3604 512 3663 §.c
532 3602 563 3650 D.
583 3603 614 3651 de
631 3603 697 3664 sort.
712 3614 746 3658 er,
761 3614 835 3651 2.
853 3605 875 3664 ξ.
892 3615 911 3653 1.
935 3601 1040 3666 Lqur'b.
