2550 4000
212 234 275 301 228
518 254 580 291 cun
598 255 692 291 utsrm.
711 236 745 289 11.
763 241 874 290 tt-at.

212 392 259 453 at.
282 396 444 454 Praetereo
464 398 519 454 hoc
538 390 621 454 tooo¹
650 392 827 460 odmofncndi
853 412 966 469 sumus,
987 396 1087 453 ‘etam
1106 395 1190 451 dum·

213 488 300 537 tarot
315 480 415 539 Italici
428 484 482 539 soli
496 473 624 539 ηωειιηι2
639 494 644 539 t
661 497 733 551 csse,
753 482 929 554 prouinciaiis
943 481 997 537 soli
1010 496 1114 537 nexum
1128 498 1189 536 non

213 564 303 629 ’essm
322 582 390 623 nom
405 571 511 639 recipit
527 560 644 623 noxus²
660 571 665 628 Ι
680 564 907 639 significationem
927 565 1017 622 solum
1032 582 1090 621 non
1105 565 1189 621 aliter

213 649 309 724 ’wem
320 645 360 707 si²
373 652 486 725 mancipi
501 646 589 721 'est²;
606 658 637 707 ot
648 650 826 725 protuinciale
835 666 886 707 nec
897 651 1012 723 mancipi
1025 658 1078 707 ert.
1106 650 1188 706 aliter

212 737 285 791 enim
301 737 386 791 ueteri
403 736 496 810 lingua
511 734 535 791 ’n
552 739 557 802 Ι
577 766 614 777 -
630 766 673 779 --
687 764 729 775 -
746 727 799 790 ’de
813 733 902 792 rebus
915 735 1083 808 mancipatis.
1102 738 1107 801 Ι

278 816 329 879 aa.
348 820 535 893 incorporales
549 814 615 893 (res)
626 819 798 875 traditionem
809 821 999 893 nontccipcrc
1008 819 1187 876 manifestim

214 912 267 960 est.
298 898 349 960 29.
363 902 416 959 scd
427 906 485 959 iura
497 904 670 978 praediorum
680 903 846 960 urbanorum
856 905 886 959 fu
897 906 956 960 iuro
966 900 1109 981 (tomitem)
1125 904 1186 961 ceti

214 996 347 1062 possunt;
360 989 526 1047 rusticorum
539 1004 606 1045 ucro
618 990 699 1045 etiam
717 990 862 1062 mancipari
875 997 1000 1062 possunt
1029 984 1085 1047 80.
1102 989 1186 1045 Usus·

214 1072 320 1128 fructus
332 1074 360 1128 in
368 1074 430 1128 iure
444 1075 594 1131 cessionem
603 1082 709 1129 tantum
721 1074 834 1146 recipit:
844 1088 907 1128 nam
918 1073 1045 1129 dominus
1057 1076 1186 1147 proprie-

214 1158 278 1213 tatis
288 1156 334 1213 alii
344 1156 544 1215 usumfructum
552 1161 580 1213 in
589 1160 649 1214 inre
660 1158 757 1215 cedere
768 1166 871 1231 potest,
884 1166 916 1214 ut
926 1157 972 1214 ifle
980 1159 1185 1215 usumfructum

214 1241 312 1298 habeat
324 1244 418 1316 etipse
430 1244 527 1299 nudam
540 1245 734 1318 proprietatem
741 1247 876 1299 retineat.
892 1245 951 1317 ipse
962 1243 1185 1299 usufructuarius

213 1328 242 1382 in
253 1328 313 1382 iure
325 1327 447 1383 cedendo
460 1328 569 1385 domino
579 1330 755 1402 proprietatis
764 1328 963 1384 usumfructum
970 1327 1071 1401 efficit,
1083 1338 1143 1384 uta
1155 1345 1185 1383 se

215 1411 556 1468 discedatctconuertntur
566 1414 595 1467 iu
607 1414 814 1486 proprietatem3
825 1412 873 1468 alii
879 1429 946 1468 uero
959 1414 1054 1468 infure
1061 1412 1184 1469 cedendo

216 1494 391 1551 nihilomiuus
409 1500 451 1552 ius
469 1514 548 1553 suum
565 1499 680 1553 retinet:
700 1497 821 1554 creditur
839 1498 911 1553 enim
926 1513 958 1552 ea
974 1499 1101 1554 cessione
1118 1496 1184 1553 nihil

216 1581 271 1652 agi.
293 1575 395 1637 :ilaec
407 1582 474 1637 haec
487 1581 590 1637 scilicet
603 1583 631 1636 in
640 1581 738 1638 italicis
751 1581 867 1655 praediis
878 1583 917 1637 ita
928 1591 1002 1654 sunt,
1015 1582 1080 1655 quia
1088 1591 1119 1639 ct
1127 1584 1184 1655 ipsa

165 1670 206 1720 62.
217 1664 325 1737 praedia
337 1666 561 1739 mancipationem
571 1658 611 1743 tet
622 1667 649 1721 in
659 1668 720 1721 inre
733 1667 882 1722 cessionem
894 1667 1038 1739 rccipiunt.
1064 1667 1184 1740 alioquin
1193 1671 1231 1723 itit

217 1752 242 1804 in
256 1748 467 1822 prouincialibus
483 1749 598 1823 praediis
610 1751 667 1806 siue
680 1754 740 1823 quis
753 1751 953 1806 usumfructum
966 1752 1022 1807 siue
1035 1750 1078 1809 ius
1090 1751 1182 1822 cundi,

216 1834 314 1907 agendi
323 1851 456 1907 aquamue
463 1834 578 1891 ducendi
585 1834 629 1891 uel
639 1834 721 1890 altius
728 1833 842 1891 tollendi
851 1834 930 1891 aedes
940 1844 1049 1892 autnon
1059 1836 1183 1906 tollendi,

215 1933 249 1971 ne
260 1916 405 1974 luminibus
418 1920 499 1975 uicini
512 1916 659 1989 officiatur,
672 1927 817 1992 ceteraque
840 1920 934 1977 similia
942 1922 1000 1977 iura
1013 1922 1184 1979 constituere

217 2074 384 2121 auctoritatis
398 2074 498 2124 nominc
512 2074 549 2122 od
560 2073 668 2136 duplum
676 2074 792 2136 pretium
805 2073 953 2122 solvendum
970 2072 1108 2137 obtipctur.
1138 2073 1181 2122 Ia·

218 2144 297 2191 uicem
316 2143 384 2192 iuris
402 2146 548 2194 commercii
567 2140 797 2212 comfmuuicatiome
816 2144 900 2206 effici,
919 2150 948 2192 ut
960 2145 985 2192 ai
999 2146 1065 2193 cisio
1080 2144 1182 2194 Romo

213 2217 356 2280 peregrino
371 2216 468 2266 liberae
483 2217 597 2265 ciuitatis
610 2216 751 2264 secumdum
760 2229 844 2264 mores
852 2216 971 2278 leposque
980 2217 1182 2280 pereprinorum

216 2301 271 2334 rem
285 2293 358 2343 emat,
373 2302 439 2350 quoe
453 2301 487 2335 em
501 2287 542 2336 tis
554 2285 656 2351 lapibus
665 2302 717 2349 per
731 2286 897 2336 traditionem
908 2287 1013 2349 acquiri
1026 2301 1080 2336 mom
1090 2288 1181 2350 poscit,

204 2353 266 2418 'quo
281 2358 308 2404 in
322 2373 428 2406 numero
443 2358 557 2419 praedia
570 2372 625 2406 ease
638 2360 748 2415 aoteoot,
766 2358 850 2406 iustus
869 2357 988 2406 dominus
1001 2359 1058 2408 eino
1072 2361 1114 2406 rei
1127 2359 1181 2421 effi·

170 2471 172 2478 ,
217 2427 311 2474 cietur.
337 2423 380 2474 ‘In
386 2428 533 2489 provinciis
543 2443 606 2478 uero
616 2442 668 2477 nort
675 2429 752 2477 modo
761 2427 884 2491 praedium
894 2425 999 2477 nulium'
1010 2436 1059 2479 etc.
1110 2425 1131 2494 1)
1140 2429 1183 2478 Ad

215 2511 317 2546 serrum
330 2498 441 2546 rectum.
469 2498 502 2546 Irr
515 2499 574 2547 edd.
589 2505 688 2548 tontum
701 2507 740 2548 eet
756 2499 881 2561 praedium
895 2507 920 2548 et
929 2507 1022 2562 poatea
1036 2501 1083 2550 utta
1098 2501 1181 2550 libera.

217 2563 238 2631 ²)
248 2567 323 2616 Haec
332 2569 418 2618 ommia
428 2567 518 2620 (tocco.
527 2571 747 2634 supplementead
754 2585 856 2619 sensum
862 2571 946 2634 magis
953 2571 1072 2634 mmad
1078 2571 1180 2620 verbum

215 2646 288 2688 certa
302 2654 317 2688 α
332 2655 369 2688 me
383 2641 410 2688 t'n
426 2648 572 2691 contemtum
585 2648 645 2691 aunt
658 2648 772 2705 recepta,
786 2642 834 2690 ced
846 2657 915 2690 numo
928 2657 964 2690 em
979 2638 1024 2689 V*t
1033 2645 1126 2705 ponito
1136 2645 1179 2691 im-

215 2717 323 2767 mutato·
335 2727 386 2774 pro
396 2725 470 2761 nexus
480 2714 557 2762 etiam
566 2712 649 2762 scribi
654 2720 741 2776 potest
750 2713 802 2760 eius
817 2713 893 2760 uocis.
947 2708 970 2778 8)
977 2711 1106 2776 Suspicor
1115 2716 1143 2764 im
1154 2714 1177 2763 0.

212 2782 309 2844 fuisse:
323 2779 466 2850 t(uc)ttoris
480 2786 561 2834 euicta
575 2799 602 2832 rc
609 2775 802 2849 p(roe)stot(io)
815 2785 855 2833 aio
869 2780 944 2848 ηψπ)
959 2782 1080 2849 dicit(ur)
1096 2800 1135 2834 oc.

284 2902 309 2974 ξ.
326 2909 367 2956 27.
394 2909 432 2970 Cf.
445 2907 604 2958 Frontin.de
619 2915 734 2958 controv.
749 2923 807 2973 apr.
818 2924 847 2971 p.
861 2920 895 2959 36.
925 2908 1026 2973 Appen.
1042 2908 1099 2957 urb.
1106 2925 1134 2972 p.
1144 2921 1176 2960 ct.

214 2976 321 3026 Luciam.
338 2977 390 3027 Gic.
401 2994 453 3042 pro
465 2979 560 3030 Flacco
573 2990 607 3030 at.
623 2981 645 3042 ἓ.
656 2991 690 3031 ao.
721 2976 805 3028 ‘Illud
819 2994 924 3043 quaero,
938 2980 1024 3028 sintne
1039 2981 1090 3028 ista
1100 2995 1176 3044 proe-

214 3047 260 3096 dia
273 3050 362 3096 censui
376 3051 520 3100 censendo:
533 3050 645 3100 habeant
659 3053 701 3100 ius
712 3052 803 3100 civile:
816 3052 877 3107 sint,
892 3052 1034 3100 nocuerint
1044 3049 1176 3114 mancipi’.

215 3115 297 3166 Notae
316 3120 395 3168 iurid.
415 3120 447 3168 L.
464 3120 485 3169 I.
504 3119 532 3180 Q.
548 3144 582 3164 =
596 3121 685 3172 Locus
703 3121 777 3171 Iuris
799 3120 952 3181 Quiritium·
975 3121 1007 3170 L.
1023 3120 1045 3170 I.
1061 3121 1083 3170 I.
1102 3120 1130 3181 Q.
1146 3145 1176 3164 =
1257 3180 1258 3183 Ἴ

213 3187 302 3238 Locus
320 3188 430 3240 Italicus
447 3191 520 3240 Iuris
542 3191 689 3253 Quiritium.
724 3193 762 3256 Cf.
779 3193 903 3242 Zeitscttr.
920 3194 942 3255 f.
959 3193 1045 3259 pescli.
1059 3191 1131 3242 RW.
1146 3193 1176 3242 X.
1257 3252 1259 3265 .

210 3275 238 3322 p.
253 3270 287 3311 59.
302 3262 379 3310 soum
394 3259 465 3330 uero]
487 3263 525 3325 Cf.
540 3262 639 3315 Sozom.
654 3265 712 3314 friat.
727 3265 791 3314 ecci.
806 3277 827 3327 t,
841 3276 862 3314 9.
934 3259 960 3331 ξ
975 3265 1018 3314 28.
1044 3263 1083 3326 Of.
1098 3264 1130 3314 L.
1144 3276 1175 3315 tt.
1257 3282 1259 3306 t

214 3332 237 3392 ἐ.
253 3344 272 3382 1.
292 3331 324 3380 D.
340 3348 396 3397 uoq.
411 3349 464 3382 rer.
476 3334 540 3383 dom.
552 3333 597 3401 (41,
608 3335 640 3402 1).
653 3352 736 3400 cupra
746 3337 769 3396 §-
781 3347 814 3386 19.
874 3330 900 3402 §-
911 3336 952 3385 29.
971 3335 1009 3398 Of.
1020 3337 1042 3398 5.
1054 3347 1087 3386 tt.
1102 3335 1134 3383 L.
1144 3347 1175 3386 as.

215 3401 247 3450 D.
263 3403 294 3452 de
309 3419 376 3454 sero.
387 3421 431 3469 pr.
447 3404 503 3454 urb.
519 3403 550 3470 (a,
566 3405 598 3472 t).
652 3403 678 3476 ξ.
695 3410 737 3460 30.
754 3405 793 3470 Cf.
810 3405 854 3455 tt.
874 3406 933 3455 Vnt.
947 3417 982 3458 4⁵.
997 3417 1031 3457 48.
1046 3416 1080 3457 ot.
1096 3418 1122 3458 ‘15
1136 3406 1175 3471 (3).

220 3471 275 3535 Uip.
287 3487 320 3537 m,
331 3488 364 3526 ιι.
391 3477 497 3540 r'rzfra§¹
508 3488 542 3528 nn.
558 3479 581 3539 ξ.
597 3490 616 3529 a.
642 3478 664 3526 I.
679 3480 711 3528 de
726 3477 810 3540 confr.
826 3477 857 3542 (a,
871 3475 904 3543 4).
942 3477 1018 3526 Prot.
1034 3489 1055 3539 a,
1070 3489 1091 3529 c.
1106 3480 1128 3539 §-
1143 3489 1173 3528 ar.

215 3537 241 3610 ᾖ.
257 3547 298 3594 31.
320 3546 358 3609 Cf.
374 3549 396 3608 §.
409 3561 427 3596 1.
448 3547 517 3596 Lde
528 3548 612 3612 usufr.
628 3547 660 3614 (2,
674 3547 704 3614 4).
724 3551 747 3611 ξ.
760 3547 866 3597 4.I.de
879 3550 966 3600 seruit.
977 3545 1052 3614 (nt).
1072 3547 1173 3610 Lapr.

216 3613 248 3660 D.
264 3615 295 3662 de
309 3617 393 3679 onufr.
410 3616 441 3683 (t,
456 3620 488 3679 1).
