2550 4000
403 266 465 303 uara
485 267 585 304 russis.
603 249 625 303 Ι.
643 255 752 306 tit—99.
1003 252 1064 318 197

95 405 256 479 quibusdam
267 410 421 484 peregrinis
433 409 599 466 'ciuitatibus
607 409 700 466 datum
707 418 749 465 est
757 410 820 466 uela
834 410 1066 484 populollomano

93 490 139 546 nel
151 509 164 547 a
176 502 272 550 senatu
284 494 354 550 uela
364 493 477 551 Caesare
490 523 526 535 -
539 525 580 536 -
592 525 633 574 3-
645 525 686 535 -
699 501 746 550 aut
757 496 843 550 mains
856 504 897 551 est
905 495 1008 554 Latium
1019 505 1066 554 aut

95 577 201 650 minns3
216 581 302 635 maius
314 578 479 652 estlatium,
491 596 553 636 cum
565 580 644 651 ethi,
658 581 704 653 qui
712 579 872 636 decuriones
884 579 1023 655 leguntur,
1038 590 1066 638 et

94 662 131 726 ei,
148 665 196 735 qui
207 665 340 720 honorem
353 664 471 737 aliquem
488 656 547 720 aut¹
563 659 566 742 l
579 666 766 738 magistratum
785 659 911 739 gerunt‚²
925 667 1064 724 ciuitatem
1076 665 1118 716 2⁶·

97 754 241 814 Romanam
252 757 451 818 consecuntnr3
467 751 554 805 minus
567 741 695 805 Latinm³
709 757 763 822 est,
777 766 840 805 cnm
852 750 880 805 hi
892 758 1009 823 tantum,
1020 753 1067 825 qui

95 833 140 894 uel
167 837 356 909 magistratum
375 834 419 890 uel
440 833 572 890 honorem
592 841 701 907 gerunt,
719 833 751 889 ad
766 836 905 890 ciuitatem
920 837 1066 892 Romanam

95 923 270 995 perueniunt.
291 919 371 993 idque
383 918 559 993 conpluribus
571 918 696 993 epistulis
707 912 876 994 principum⁴
886 919 1066 995 significatur.

159 1001 206 1064 97.
230 1006 297 1062 Non
320 1007 410 1062 solum
432 1012 527 1061 tumen
552 1005 709 1061 naturales
732 1005 819 1061 liiern'
842 1008 1000 1064 secundum
1020 1020 1066 1077 ea,

95 1107 173 1164 quae
193 1091 321 1162 diximus,
344 1091 372 1145 in
395 1096 532 1164 potestate
547 1096 643 1145 nostra
665 1098 743 1157 sunt,
765 1105 862 1145 aarum
884 1097 913 1146 et
934 1091 974 1162 iri,
996 1107 1067 1164 quos

95 1177 268 1250 adoptamus.
312 1170 362 1231 98.
387 1173 505 1248 Adoptio
527 1183 619 1230 autem
641 1172 747 1230 duobus
770 1173 859 1230 modis
882 1174 922 1248 lit,
948 1183 995 1231 ant
1016 1192 1067 1249 po-

94 1261 153 1334 puli
180 1261 356 1328 auctoritate,
387 1269 434 1314 aut
461 1259 575 1332 irnperio
597 1260 789 1333 magistratus,
821 1259 897 1316 uelut
922 1260 1067 1334 praetoris.

95 1340 146 1402 99.
169 1344 267 1417 Populi
289 1345 452 1401 auctoritate
479 1343 639 1416 adoptamus
661 1360 726 1416 eos,
755 1345 802 1417 qui
829 1346 872 1400 s'ui
898 1346 965 1400 iuris
987 1352 1067 1401 sunt:

22 1432 84 1485 [125]
101 1445 176 1504 quae
199 1430 304 1502 species
327 1428 480 1502 adoptionis
509 1428 608 1484 dicitnr
635 1428 794 1501 adrogatio,
823 1431 886 1501 quia
909 1438 937 1485 et
957 1432 996 1500 is,
1020 1431 1067 1502 qui

97 1515 220 1588 adoptat,
236 1521 361 1585 rogatur,
381 1512 408 1568 ld
424 1520 466 1568 est
481 1515 679 1586 interrogatur,
699 1527 732 1568 an
748 1512 816 1569 uelit
831 1530 903 1585 eum,
924 1531 1004 1587 quem
1020 1514 1066 1569 ad·

96 1606 241 1672 optaturus
258 1598 304 1668 sit,
319 1598 419 1653 iustum
432 1595 516 1654 lilium
529 1613 605 1654 esse:
621 1606 649 1653 et
660 1598 695 1669 is,
712 1599 758 1672 qui
769 1598 923 1672 adoptatur,
939 1609 1064 1674 rogatur,

95 1700 130 1739 an
153 1683 180 1739 id
203 1681 262 1738 fieri
284 1683 420 1755 patiatur3
444 1691 471 1738 et
493 1681 612 1756 populus
636 1691 762 1756 rogatur,
785 1699 818 1738 an
839 1682 867 1738 ld
890 1681 948 1739 lieri
963 1684 1066 1741 iubeat.

94 1767 210 1841 imperio
223 1767 399 1840 magistratus
409 1767 572 1850 adoptamus
584 1785 645 1839 eos,
662 1768 747 1840 quiin
761 1776 900 1841 potestate
915 1770 1068 1841 parentiam

95 1855 311 1868 *nau——

171 1881 191 1951 ¹)
211 1883 299 1935 Totum
317 1885 366 1936 ltoc
386 1888 587 1949 supplementum
605 1885 714 1935 debetur
737 1880 789 1935 Vn
821 1885 854 1935 In
874 1888 982 1945 lacuna,
1002 1901 1068 1950 quae

95 1963 192 2016 restat,
210 1955 336 2008 Stud.dus
355 1957 421 2007 niati
435 1963 545 2021 praeter
559 1958 720 2021 particulam
739 1959 853 2022 aliquane
871 1958 975 2022 perisse
989 1963 1069 2022 putat

95 2032 166 2079 uelut
181 2024 258 2078 ‘Set'.
285 2028 344 2077 Cum
359 2043 421 2078 uera
436 2028 563 2077 librarius
576 2030 689 2092 spatium
702 2029 754 2088 iic,
768 2030 793 2078 ei
806 2031 917 2088 omnino,
932 2037 1002 2080 certe
1015 2043 1068 2078 nan

95 2101 182 2149 maius
196 2115 272 2163 quam
286 2099 358 2148 uerbi
369 2101 459 2165 gratia
470 2116 492 2148 u.
504 2111 537 2149 ιο.
548 2100 686 2163 reliquisse
691 2102 826 2163 putandus
835 2102 877 2159 sit,
892 2103 991 2151 malim:
1006 2097 1067 2150 ‘ali-

96 2167 172 2237 q(ua)
187 2167 320 2220 ceterum'.
350 2170 440 2220 Palen.
456 2172 574 2234 suppleri
591 2172 659 2219 uult:
677 2169 858 2237 dicit(nr)q(ne)
873 2172 949 2220 mains
963 2171 1065 2222 Latium.

96 2239 186 2307 n(am).
214 2240 288 2290 Stnd.
305 2243 331 2289 in
346 2242 403 2291 eci:
417 2242 487 2290 huius
501 2247 580 2290 antem
595 2242 656 2290 iuris
671 2242 731 2291 duae
745 2242 841 2305 species
855 2249 922 2291 sunta
937 2257 999 2291 nam.
1028 2242 1068 2291 De

96 2329 126 2363 re
141 2320 290 2362 notaverant
305 2312 362 2361 edd.
379 2324 398 2362 1.
414 2323 448 2361 a:
468 2311 557 2361 Maius
571 2312 677 2361 Latium
695 2314 752 2363 dici
766 2315 851 2377 coepit
864 2314 906 2363 ius
918 2312 994 2363 Latii
1006 2313 1068 2363 inde

96 2402 113 2434 a
128 2384 298 2448 Vespasiano.
314 2384 429 2446 primurn
438 2382 594 2447 Hispaniae,
605 2385 644 2433 ita
653 2384 750 2443 datum,
762 2384 849 2434 atltae
858 2384 976 2435 ciuitates
985 2386 1069 2451 magis

91 2456 187 2520 populi
197 2454 268 2505 Rom.
279 2456 430 2518 municipia,
445 2456 506 2528 licet
515 2456 609 2504 ciuium
619 2454 783 2520 Latinarum,
797 2472 873 2521 guam
887 2463 916 2505 at
924 2458 1068 2521 antiquitus

96 2528 145 2577 noc
156 2528 214 2576 iare
228 2528 289 2576 dato
300 2523 381 2593 (Ptin.
393 2524 425 2575 N.
436 2526 470 2574 Η.
481 2536 503 2588 a,
513 2538 535 2575 1.
549 2528 572 2588 ξ.
583 2538 603 2577 e.
619 2538 641 2589 s,
655 2538 677 2577 s.
691 2528 714 2589 ξ.
724 2541 746 2578 a.
761 2538 783 2590 s,
796 2539 818 2577 4.
833 2529 857 2589 5.
867 2538 888 2577 a
903 2539 924 2589 a,
937 2539 970 2579 aa.
986 2530 1009 2590 5.
1020 2525 1066 2592 ss.)

96 2599 215 2648 coloniae
230 2597 344 2647 Latinae
358 2595 451 2665 (supra
466 2598 489 2659 §-
500 2608 534 2647 aa
549 2596 619 2647 Suet.
637 2597 707 2648 Caes.
719 2610 740 2649 s.
755 2597 853 2648 Ancon.
868 2600 895 2647 in
908 2598 961 2649 Cic.
976 2598 1067 2648 Pisan.

97 2670 154 2717 init.
169 2669 220 2718 Dio
235 2680 271 2732 aa,
284 2667 321 2734 tte)
336 2682 398 2726 esse,
414 2667 522 2733 ideaque
541 2664 587 2733 (cf.
604 2665 710 2718 ‘Gaius’
722 2686 751 2733 p.
766 2667 852 2735 Ιι-ιο)
867 2671 911 2733 qui
928 2672 1067 2734 magistra·

97 2747 148 2789 tum
163 2739 200 2789 ibi
212 2747 343 2807 gererent,
358 2738 390 2789 de
410 2740 465 2804 ipso
476 2742 574 2804 popula
589 2738 661 2790 Rom.
677 2740 739 2790 bene
753 2755 852 2789 merere
865 2741 1025 2798 uiderentur,
1040 2743 1069 2787 ut

97 2814 148 2861 iarn
163 2812 239 2875 quasi
252 2812 384 2861 radicitus
402 2818 428 2861 et
446 2818 567 2876 tanquam
582 2812 646 2861 iusti
659 2819 685 2861 et
698 2813 806 2877 legitimi
820 2812 889 2860 ciues
904 2809 975 2860 Rom.
991 2809 1068 2877 (Leg.

97 2881 166 2932 Acii.
182 2889 262 2947 repet.
283 2898 304 2933 c.
320 2883 351 2931 de
372 2884 477 2933 ciuitate
496 2883 585 2932 danda
590 2900 600 2940 ,·
619 2882 651 2931 L.
667 2895 701 2934 aa.
721 2882 753 2930 D.
769 2882 801 2931 de
820 2884 878 2930 iure
893 2882 954 2945 fisci
971 2893 1007 2944 as,
1022 2880 1069 2946 14),

99 2954 144 3017 qui
158 2953 241 3003 tribus
255 2961 279 3003 et
293 2954 361 3003 iuris
375 2954 501 3004 honorum
516 2952 612 3004 Romae
627 2954 775 3018 participes
790 2954 896 3016 fierent,
915 2954 991 3002 etiam
1010 2968 1068 3003 curn

94 3024 250 3088 parentibus
269 3032 294 3074 et
311 3024 402 3075 liberis
425 3032 450 3075 et
468 3040 552 3075 umore
571 3026 599 3074 in
621 3026 749 3075 ciuitatem
768 3026 892 3076 uenirent.
932 3024 971 3088 Os.
989 3026 1068 3075 etiam

102 3094 165 3144 Geli.
181 3106 213 3158 le,
228 3108 261 3148 tt.
283 3124 314 3132 —
330 3096 384 3146 Sed
397 3098 448 3147 iarn
463 3102 531 3147 totas
545 3096 588 3145 ieie
603 3097 634 3145 de
648 3097 724 3145 Latii
738 3097 795 3145 iure
805 3098 877 3146 locus
887 3112 952 3146 nouo
968 3097 1068 3162 indiget

99 3173 222 3215 tractatu.
296 3162 317 3233 ²)
342 3168 407 3217 Veri
424 3169 508 3217 simile
527 3172 577 3229 est,
601 3165 739 3216 librarium
757 3167 799 3217 nic
818 3169 947 3234 integrum
965 3183 1067 3218 uersum

98 3238 214 3288 omisisse
223 3238 300 3289 leuius
309 3241 466 3289 sententiae:
479 3252 524 3288 nec
535 3238 581 3301 ipsi
597 3238 674 3287 solnm
684 3238 728 3287 sed
738 3238 809 3287 etiam
822 3238 893 3288 liberi
908 3245 932 3288 el
945 3244 1065 3302 parentes.

99 3304 121 3375 Ψ)
142 3305 188 3357 V*i
199 3309 273 3359 latum
287 3310 345 3359 edd.
357 3318 466 3374 praeter
480 3324 549 3359 meas
564 3321 583 3359 1.
599 3321 619 3360 u.
678 3307 700 3374 ⁴)
715 3310 751 3358 ad
759 3310 898 3374 praesides
907 3317 975 3373 puta
988 3309 1067 3359 datis

97 3408 131 3417 -
147 3378 262 3446 Sequens
274 3398 298 3431 u.
313 3390 333 3433 e.
353 3378 477 3431 rubricae
491 3386 589 3429 tantuna
603 3380 706 3429 uidetur
720 3380 865 3431 &maratus
876 3381 967 3443 fuisse.

169 3501 195 3573 ξ.
212 3508 349 3569 97.--ρν.
365 3504 388 3555 I.
403 3505 435 3554 de
449 3505 536 3568 adopt.
553 3502 585 3570 (1,
595 3503 640 3570 11).
666 3505 705 3569 Of.
724 3504 781 3569 alp.
796 3517 852 3568 8,1.
908 3498 952 3571 ἕξ.
968 3505 1011 3555 98.
1022 3504 1065 3555 99.

97 3576 179 3626 =L.
194 3577 306 3641 spru).
318 3577 350 3626 de
364 3576 450 3639 adopt.
467 3574 500 3640 (1,
514 3576 546 3640 r).
567 3578 589 3638 §-
601 3589 621 3625 1.
637 3575 660 3624 I.
675 3577 731 3626 eod.
747 3573 833 3643 (1,11).
860 3573 898 3637 Cf.
916 3574 1066 3639 illusas

100 3647 163 3698 Geli.
179 3658 200 3710 a,
217 3660 249 3699 19.
281 3647 333 3698 Cic.
345 3662 397 3710 pro
412 3647 486 3697 dorna
500 3656 535 3708 as,
550 3658 584 3699 tt.
