<?xml version="1.0" encoding="UTF-8"?>
<!DOCTYPE html PUBLIC "-//W3C//DTD XHTML 1.0 Transitional//EN"
    "http://www.w3.org/TR/xhtml1/DTD/xhtml1-transitional.dtd">
<html xmlns="http://www.w3.org/1999/xhtml" xml:lang="en" lang="en">
 <head>
  <title>
</title>
<meta http-equiv="Content-Type" content="text/html;charset=utf-8" />
  <meta name='ocr-system' content='tesseract 3.04.00' />
  <meta name='ocr-capabilities' content='ocr_page ocr_carea ocr_par ocr_line ocrx_word'/>
</head>
<body>
  <div class='ocr_page' id='page_1' title='image "./gaiiinstitution00kbgoog_0148.png"; bbox 0 0 2550 4000; ppageno 0'>
   <div class='ocr_carea' id='block_1_1' title="bbox 209 185 859 254">
    <p class='ocr_par' dir='ltr' id='par_1_1' title="bbox 209 185 859 254">
     <span class='ocr_line' id='line_1_1' title="bbox 209 185 859 254; baseline -0.017 -4"><span class='ocrx_word' id='word_1_1' title='bbox 209 187 274 254; x_wconf 73' lang='grc'><strong>176</strong></span> <span class='ocrx_word' id='word_1_2' title='bbox 519 203 576 239; x_wconf 75' lang='lat' dir='ltr'><strong>onir</strong></span> <span class='ocrx_word' id='word_1_3' title='bbox 594 204 685 239; x_wconf 78' lang='lat' dir='ltr'><strong>marm.</strong></span> <span class='ocrx_word' id='word_1_4' title='bbox 705 185 726 237; x_wconf 92' lang='lat'><strong>1.</strong></span> <span class='ocrx_word' id='word_1_5' title='bbox 745 191 859 239; x_wconf 76' lang='lat'>20-22.</span> 
     </span>
    </p>
   </div>
   <div class='ocr_carea' id='block_1_2' title="bbox 209 325 1169 493">
    <p class='ocr_par' dir='ltr' id='par_1_2' title="bbox 209 325 1169 493">
     <span class='ocr_line' id='line_1_2' title="bbox 209 325 1168 408; baseline -0.003 -17"><span class='ocrx_word' id='word_1_6' title='bbox 209 337 356 405; x_wconf 90' lang='lat' dir='ltr'><strong>alumnum,</strong></span> <span class='ocrx_word' id='word_1_7' title='bbox 372 344 418 391; x_wconf 84' lang='lat' dir='ltr'><strong>aut</strong></span> <span class='ocrx_word' id='word_1_8' title='bbox 439 325 657 408; x_wconf 80' lang='lat' dir='ltr'><strong>paedagogum,¹</strong></span> <span class='ocrx_word' id='word_1_9' title='bbox 673 341 720 388; x_wconf 84' lang='lat' dir='ltr'><strong>aut</strong></span> <span class='ocrx_word' id='word_1_10' title='bbox 731 348 842 388; x_wconf 87' lang='lat' dir='ltr'><strong>seruum</strong></span> <span class='ocrx_word' id='word_1_11' title='bbox 854 332 1039 406; x_wconf 81' lang='lat' dir='ltr'><strong>procuratoris</strong></span> <span class='ocrx_word' id='word_1_12' title='bbox 1050 330 1168 388; x_wconf 87' lang='lat' dir='ltr'><strong>habendi</strong></span> 
     </span>
     <span class='ocr_line' id='line_1_3' title="bbox 209 415 1169 493; baseline -0.002 -19"><span class='ocrx_word' id='word_1_13' title='bbox 209 421 308 493; x_wconf 79' lang='lat' dir='ltr'><strong>gratia,</strong></span> <span class='ocrx_word' id='word_1_14' title='bbox 330 427 376 474; x_wconf 89' lang='lat' dir='ltr'><strong>aut</strong></span> <span class='ocrx_word' id='word_1_15' title='bbox 391 417 513 475; x_wconf 80' lang='lat' dir='ltr'><strong>ancillam</strong></span> <span class='ocrx_word' id='word_1_16' title='bbox 529 418 692 473; x_wconf 77' lang='lat' dir='ltr'><strong>matrimonii</strong></span> <span class='ocrx_word' id='word_1_17' title='bbox 713 432 795 473; x_wconf 83' lang='lat' dir='ltr'><strong>eausa</strong></span> <span class='ocrx_word' id='word_1_18' title='bbox 816 418 891 490; x_wconf 83' lang='lat' dir='ltr'><strong>apud</strong></span> <span class='ocrx_word' id='word_1_19' title='bbox 909 415 1051 473; x_wconf 88' lang='lat' dir='ltr'><strong>eonsilium</strong></span> <span class='ocrx_word' id='word_1_20' title='bbox 1072 431 1169 472; x_wconf 84' lang='lat' dir='ltr'><strong>mauu·</strong></span> 
     </span>
    </p>
   </div>
   <div class='ocr_carea' id='block_1_3' title="bbox 208 511 1168 644">
    <p class='ocr_par' dir='ltr' id='par_1_3' title="bbox 208 511 1168 644">
     <span class='ocr_line' id='line_1_4' title="bbox 208 511 1168 644; baseline -0.003 -3"><span class='ocrx_word' id='word_1_21' title='bbox 208 511 324 644; x_wconf 38' lang='lat' dir='ltr'><strong>mmm</strong></span> <span class='ocrx_word' id='word_1_22' title='bbox 367 591 401 640; x_wconf 83' lang='lat' dir='ltr'><strong>De</strong></span> <span class='ocrx_word' id='word_1_23' title='bbox 424 592 525 641; x_wconf 88' lang='lat' dir='ltr'><strong>consilio</strong></span> <span class='ocrx_word' id='word_1_24' title='bbox 550 590 694 640; x_wconf 78' lang='lat' dir='ltr'><strong>adhibendo.</strong></span> <span class='ocrx_word' id='word_1_25' title='bbox 743 581 797 644; x_wconf 79' lang='lat'><strong>20.</strong></span> <span class='ocrx_word' id='word_1_26' title='bbox 831 582 977 640; x_wconf 77' lang='lat' dir='ltr'><strong>Consilium</strong></span> <span class='ocrx_word' id='word_1_27' title='bbox 1004 591 1093 639; x_wconf 77' lang='lat' dir='ltr'><strong>auiam</strong></span> <span class='ocrx_word' id='word_1_28' title='bbox 1119 583 1168 639; x_wconf 80' lang='lat' dir='ltr'><strong>aii·</strong></span> 
     </span>
    </p>
   </div>
   <div class='ocr_carea' id='block_1_4' title="bbox 133 667 1240 1585">
    <p class='ocr_par' dir='ltr' id='par_1_4' title="bbox 133 667 1240 1585">
     <span class='ocr_line' id='line_1_5' title="bbox 208 667 1167 742; baseline -0.002 -16"><span class='ocrx_word' id='word_1_29' title='bbox 208 670 317 727; x_wconf 87' lang='lat' dir='ltr'><strong>hibetur</strong></span> <span class='ocrx_word' id='word_1_30' title='bbox 331 671 358 726; x_wconf 90' lang='lat' dir='ltr'><strong>in</strong></span> <span class='ocrx_word' id='word_1_31' title='bbox 373 668 441 726; x_wconf 87' lang='lat' dir='ltr'><strong>urbe</strong></span> <span class='ocrx_word' id='word_1_32' title='bbox 462 669 544 724; x_wconf 80' lang='lat' dir='ltr'><strong>Roma</strong></span> <span class='ocrx_word' id='word_1_33' title='bbox 564 668 673 742; x_wconf 88' lang='lat' dir='ltr'><strong>quidem</strong></span> <span class='ocrx_word' id='word_1_34' title='bbox 689 667 810 741; x_wconf 87' lang='lat' dir='ltr'><strong>quinque</strong></span> <span class='ocrx_word' id='word_1_35' title='bbox 831 677 985 723; x_wconf 85' lang='lat' dir='ltr'><strong>senatorum</strong></span> <span class='ocrx_word' id='word_1_36' title='bbox 1001 676 1029 724; x_wconf 89' lang='lat' dir='ltr'><strong>et</strong></span> <span class='ocrx_word' id='word_1_37' title='bbox 1044 669 1167 740; x_wconf 85' lang='lat' dir='ltr'><strong>quinque</strong></span> 
     </span>
     <span class='ocr_line' id='line_1_6' title="bbox 209 751 1169 828; baseline -0.003 -17"><span class='ocrx_word' id='word_1_38' title='bbox 209 756 331 828; x_wconf 86' lang='lat' dir='ltr'><strong>equitum</strong></span> <span class='ocrx_word' id='word_1_39' title='bbox 352 752 532 810; x_wconf 83' lang='lat' dir='ltr'><strong>Romanorum</strong></span> <span class='ocrx_word' id='word_1_40' title='bbox 552 751 701 825; x_wconf 88' lang='lat' dir='ltr'><strong>puberum:</strong></span> <span class='ocrx_word' id='word_1_41' title='bbox 725 753 754 808; x_wconf 89' lang='lat' dir='ltr'><strong>iu</strong></span> <span class='ocrx_word' id='word_1_42' title='bbox 778 752 927 824; x_wconf 84' lang='lat' dir='ltr'><strong>prouinciis</strong></span> <span class='ocrx_word' id='word_1_43' title='bbox 953 760 1042 808; x_wconf 82' lang='lat' dir='ltr'><strong>autem</strong></span> <span class='ocrx_word' id='word_1_44' title='bbox 1067 753 1169 824; x_wconf 79' lang='lat' dir='ltr'><strong>uiginti</strong></span> 
     </span>
     <span class='ocr_line' id='line_1_7' title="bbox 209 833 1167 912; baseline -0.002 -18"><span class='ocrx_word' id='word_1_45' title='bbox 209 845 429 912; x_wconf 82' lang='lat' dir='ltr'><strong>recuperatorum</strong></span> <span class='ocrx_word' id='word_1_46' title='bbox 451 838 552 907; x_wconf 60' lang='lat' dir='ltr'><strong>ciuium,</strong></span> <span class='ocrx_word' id='word_1_47' title='bbox 564 837 756 894; x_wconf 85' lang='lat' dir='ltr'><strong>Romanorum.</strong></span> <span class='ocrx_word' id='word_1_48' title='bbox 785 835 867 908; x_wconf 90' lang='lat' dir='ltr'><strong>idque</strong></span> <span class='ocrx_word' id='word_1_49' title='bbox 886 833 917 891; x_wconf 87' lang='lat' dir='ltr'><strong>iit</strong></span> <span class='ocrx_word' id='word_1_50' title='bbox 933 835 1026 891; x_wconf 83' lang='lat' dir='ltr'><strong>ultimo</strong></span> <span class='ocrx_word' id='word_1_51' title='bbox 1040 834 1084 892; x_wconf 87' lang='lat' dir='ltr'><strong>die</strong></span> <span class='ocrx_word' id='word_1_52' title='bbox 1099 851 1167 892; x_wconf 86' lang='lat' dir='ltr'><strong>uon·</strong></span> 
     </span>
     <span class='ocr_line' id='line_1_8' title="bbox 133 913 1168 994; baseline -0.002 -18"><span class='ocrx_word' id='word_1_53' title='bbox 133 951 134 956; x_wconf 21' lang='grc' dir='ltr'><strong><em>κ</em></strong></span> <span class='ocrx_word' id='word_1_54' title='bbox 211 930 325 990; x_wconf 71' lang='lat' dir='ltr'><strong>neutum</strong></span> <span class='ocrx_word' id='word_1_55' title='bbox 341 920 389 978; x_wconf 86' lang='lat' dir='ltr'><strong>sed</strong></span> <span class='ocrx_word' id='word_1_56' title='bbox 404 919 502 976; x_wconf 86' lang='lat' dir='ltr'><strong>Romae</strong></span> <span class='ocrx_word' id='word_1_57' title='bbox 516 913 629 994; x_wconf 80' lang='lat' dir='ltr'><strong>(serui)²</strong></span> <span class='ocrx_word' id='word_1_58' title='bbox 640 920 721 976; x_wconf 87' lang='lat' dir='ltr'><strong>oertis</strong></span> <span class='ocrx_word' id='word_1_59' title='bbox 732 918 906 992; x_wconf 84' lang='lat' dir='ltr'><strong>diebusapnd</strong></span> <span class='ocrx_word' id='word_1_60' title='bbox 916 919 1057 975; x_wconf 84' lang='lat' dir='ltr'><strong>consilium</strong></span> <span class='ocrx_word' id='word_1_61' title='bbox 1068 936 1168 975; x_wconf 90' lang='lat' dir='ltr'><strong>manu-</strong></span> 
     </span>
     <span class='ocr_line' id='line_1_9' title="bbox 209 1003 1168 1077; baseline 0 -17"><span class='ocrx_word' id='word_1_62' title='bbox 209 1007 363 1065; x_wconf 84' lang='lat' dir='ltr'><strong>mittuntur.</strong></span> <span class='ocrx_word' id='word_1_63' title='bbox 394 1003 507 1060; x_wconf 84' lang='lat' dir='ltr'><strong>Maiores</strong></span> <span class='ocrx_word' id='word_1_64' title='bbox 522 1019 588 1060; x_wconf 84' lang='lat' dir='ltr'><strong>uero</strong></span> <span class='ocrx_word' id='word_1_65' title='bbox 601 1005 713 1077; x_wconf 81' lang='lat' dir='ltr'><strong>triginta</strong></span> <span class='ocrx_word' id='word_1_66' title='bbox 723 1019 853 1058; x_wconf 88' lang='lat' dir='ltr'><strong>annorum</strong></span> <span class='ocrx_word' id='word_1_67' title='bbox 868 1004 941 1059; x_wconf 84' lang='lat' dir='ltr'><strong>serui</strong></span> <span class='ocrx_word' id='word_1_68' title='bbox 951 1018 1057 1076; x_wconf 84' lang='lat' dir='ltr'><strong>semper</strong></span> <span class='ocrx_word' id='word_1_69' title='bbox 1071 1019 1168 1060; x_wconf 83' lang='lat' dir='ltr'><strong>mauu·</strong></span> 
     </span>
     <span class='ocr_line' id='line_1_10' title="bbox 211 1086 1169 1158; baseline -0.002 -13"><span class='ocrx_word' id='word_1_70' title='bbox 211 1091 280 1146; x_wconf 89' lang='lat' dir='ltr'><strong>mitti</strong></span> <span class='ocrx_word' id='word_1_71' title='bbox 296 1089 399 1158; x_wconf 85' lang='lat' dir='ltr'><strong>soient,</strong></span> <span class='ocrx_word' id='word_1_72' title='bbox 423 1087 489 1144; x_wconf 85' lang='lat' dir='ltr'><strong>odeo</strong></span> <span class='ocrx_word' id='word_1_73' title='bbox 512 1095 543 1143; x_wconf 92' lang='lat' dir='ltr'><strong>ut</strong></span> <span class='ocrx_word' id='word_1_74' title='bbox 565 1087 610 1144; x_wconf 88' lang='lat' dir='ltr'><strong>uei</strong></span> <span class='ocrx_word' id='word_1_75' title='bbox 631 1089 659 1144; x_wconf 87' lang='lat' dir='ltr'><strong>in</strong></span> <span class='ocrx_word' id='word_1_76' title='bbox 682 1088 797 1143; x_wconf 87' lang='lat' dir='ltr'><strong>transitu</strong></span> <span class='ocrx_word' id='word_1_77' title='bbox 818 1086 1056 1157; x_wconf 75' lang='lat' dir='ltr'><strong>manumittantur,</strong></span> <span class='ocrx_word' id='word_1_78' title='bbox 1079 1087 1169 1144; x_wconf 86' lang='lat' dir='ltr'><strong>ueiuti</strong></span> 
     </span>
     <span class='ocr_line' id='line_1_11' title="bbox 211 1169 1166 1246; baseline -0.002 -16"><span class='ocrx_word' id='word_1_79' title='bbox 211 1189 270 1230; x_wconf 89' lang='lat' dir='ltr'><strong>eum</strong></span> <span class='ocrx_word' id='word_1_80' title='bbox 285 1179 457 1246; x_wconf 80' lang='lat' dir='ltr'><strong>praeierant</strong></span> <span class='ocrx_word' id='word_1_81' title='bbox 472 1187 521 1245; x_wconf 89' lang='lat' dir='ltr'><strong>pro</strong></span> <span class='ocrx_word' id='word_1_82' title='bbox 537 1170 650 1228; x_wconf 85' lang='lat' dir='ltr'><strong>consule</strong></span> <span class='ocrx_word' id='word_1_83' title='bbox 670 1172 698 1227; x_wconf 89' lang='lat' dir='ltr'><strong>in</strong></span> <span class='ocrx_word' id='word_1_84' title='bbox 712 1169 837 1228; x_wconf 85' lang='lat' dir='ltr'><strong>balneum</strong></span> <span class='ocrx_word' id='word_1_85' title='bbox 859 1170 904 1226; x_wconf 90' lang='lat' dir='ltr'><strong>uei</strong></span> <span class='ocrx_word' id='word_1_86' title='bbox 918 1172 947 1229; x_wconf 82' lang='lat' dir='ltr'><strong>in</strong></span> <span class='ocrx_word' id='word_1_87' title='bbox 961 1172 1096 1229; x_wconf 70' lang='lat' dir='ltr'><strong>theatrum</strong></span> <span class='ocrx_word' id='word_1_88' title='bbox 1112 1179 1166 1228; x_wconf 83' lang='lat' dir='ltr'><strong>eat.</strong></span> 
     </span>
     <span class='ocr_line' id='line_1_12' title="bbox 210 1247 1240 1329; baseline 0.001 -15"><span class='ocrx_word' id='word_1_89' title='bbox 210 1255 255 1314; x_wconf 80' lang='lat'><strong>21.</strong></span> <span class='ocrx_word' id='word_1_90' title='bbox 278 1255 419 1312; x_wconf 84' lang='lat' dir='ltr'><strong>Praeterea</strong></span> <span class='ocrx_word' id='word_1_91' title='bbox 440 1256 529 1312; x_wconf 89' lang='lat' dir='ltr'><strong>minor</strong></span> <span class='ocrx_word' id='word_1_92' title='bbox 552 1256 665 1329; x_wconf 80' lang='lat' dir='ltr'><strong>triginta</strong></span> <span class='ocrx_word' id='word_1_93' title='bbox 684 1271 815 1311; x_wconf 84' lang='lat' dir='ltr'><strong>annorum</strong></span> <span class='ocrx_word' id='word_1_94' title='bbox 838 1270 935 1312; x_wconf 81' lang='lat' dir='ltr'><strong>seruus</strong></span> <span class='ocrx_word' id='word_1_95' title='bbox 957 1247 1166 1312; x_wconf 73' lang='lat' dir='ltr'><strong>’manumissus3</strong></span> <span class='ocrx_word' id='word_1_96' title='bbox 1179 1267 1240 1315; x_wconf 82' lang='lat'>[10⁵]</span> 
     </span>
     <span class='ocr_line' id='line_1_13' title="bbox 210 1337 1167 1413; baseline -0.003 -15"><span class='ocrx_word' id='word_1_97' title='bbox 210 1347 303 1413; x_wconf 88' lang='lat' dir='ltr'><strong>potest</strong></span> <span class='ocrx_word' id='word_1_98' title='bbox 317 1340 384 1396; x_wconf 90' lang='lat' dir='ltr'><strong>einis</strong></span> <span class='ocrx_word' id='word_1_99' title='bbox 395 1338 531 1396; x_wconf 86' lang='lat' dir='ltr'><strong>Romanus</strong></span> <span class='ocrx_word' id='word_1_100' title='bbox 547 1337 614 1410; x_wconf 84' lang='lat' dir='ltr'><strong>fleri,</strong></span> <span class='ocrx_word' id='word_1_101' title='bbox 630 1339 655 1394; x_wconf 84' lang='lat' dir='ltr'><strong>si</strong></span> <span class='ocrx_word' id='word_1_102' title='bbox 669 1337 702 1396; x_wconf 82' lang='lat' dir='ltr'><strong>ab</strong></span> <span class='ocrx_word' id='word_1_103' title='bbox 717 1338 885 1410; x_wconf 80' lang='lat' dir='ltr'><strong>sodomiae,</strong></span> <span class='ocrx_word' id='word_1_104' title='bbox 901 1341 949 1413; x_wconf 91' lang='lat' dir='ltr'><strong>qui</strong></span> <span class='ocrx_word' id='word_1_105' title='bbox 962 1338 1095 1397; x_wconf 86' lang='lat' dir='ltr'><strong>soluendo</strong></span> <span class='ocrx_word' id='word_1_106' title='bbox 1110 1356 1167 1396; x_wconf 92' lang='lat' dir='ltr'><strong>non</strong></span> 
     </span>
     <span class='ocr_line' id='line_1_14' title="bbox 211 1418 1168 1493; baseline 0.002 -13"><span class='ocrx_word' id='word_1_107' title='bbox 211 1431 284 1493; x_wconf 83' lang='lat' dir='ltr'><strong>erat,</strong></span> <span class='ocrx_word' id='word_1_108' title='bbox 304 1431 466 1479; x_wconf 84' lang='lat' dir='ltr'><strong>testamento</strong></span> <span class='ocrx_word' id='word_1_109' title='bbox 487 1439 548 1480; x_wconf 88' lang='lat' dir='ltr'><strong>eum</strong></span> <span class='ocrx_word' id='word_1_110' title='bbox 568 1421 682 1480; x_wconf 88' lang='lat' dir='ltr'><strong>liberum</strong></span> <span class='ocrx_word' id='word_1_111' title='bbox 703 1431 731 1478; x_wconf 87' lang='lat' dir='ltr'><strong>et</strong></span> <span class='ocrx_word' id='word_1_112' title='bbox 745 1421 871 1479; x_wconf 87' lang='lat' dir='ltr'><strong>heredem</strong></span> <span class='ocrx_word' id='word_1_113' title='bbox 891 1418 1040 1480; x_wconf 77' lang='lat' dir='ltr'><strong>relietnm⁴</strong></span> <span class='ocrx_word' id='word_1_114' title='bbox 1054 1441 1070 1481; x_wconf 72' lang='lat' dir='ltr'><strong>a</strong></span> <span class='ocrx_word' id='word_1_115' title='bbox 1085 1441 1103 1481; x_wconf 73' lang='lat' dir='ltr'><strong>e</strong></span> <span class='ocrx_word' id='word_1_116' title='bbox 1116 1441 1135 1481; x_wconf 65' lang='lat' dir='ltr'><strong>r</strong></span> <span class='ocrx_word' id='word_1_117' title='bbox 1148 1441 1168 1482; x_wconf 83' lang='lat'><strong><em>*</em></strong></span> 
     </span>
     <span class='ocr_line' id='line_1_15' title="bbox 140 1500 1167 1585; baseline 0.001 -20"><span class='ocrx_word' id='word_1_118' title='bbox 140 1516 164 1565; x_wconf 75' lang='grc' dir='ltr'><strong>ὅ.</strong></span> <span class='ocrx_word' id='word_1_119' title='bbox 176 1517 199 1565; x_wconf 86' lang='grc'><strong>6.</strong></span> <span class='ocrx_word' id='word_1_120' title='bbox 213 1500 328 1585; x_wconf 82' lang='grc'><strong>)---</strong></span> <span class='ocrx_word' id='word_1_121' title='bbox 338 1526 375 1560; x_wconf 81' lang='lat' dir='ltr'><strong>ru.</strong></span> <span class='ocrx_word' id='word_1_122' title='bbox 385 1523 412 1564; x_wconf 81' lang='grc'><strong>14</strong></span> <span class='ocrx_word' id='word_1_123' title='bbox 420 1525 483 1562; x_wconf 89' lang='lat' dir='ltr'><strong>nune</strong></span> <span class='ocrx_word' id='word_1_124' title='bbox 492 1511 539 1574; x_wconf 78' lang='lat' dir='ltr'><strong>legi</strong></span> <span class='ocrx_word' id='word_1_125' title='bbox 551 1525 597 1562; x_wconf 90' lang='lat' dir='ltr'><strong>non</strong></span> <span class='ocrx_word' id='word_1_126' title='bbox 607 1518 817 1574; x_wconf 75' lang='lat' dir='ltr'><strong>possunt—</strong></span> <span class='ocrx_word' id='word_1_127' title='bbox 826 1500 852 1584; x_wconf 67' lang='grc' dir='ltr'><strong>)ὖ</strong></span> <span class='ocrx_word' id='word_1_128' title='bbox 865 1501 934 1583; x_wconf 78' lang='lat'>[22]</span> <span class='ocrx_word' id='word_1_129' title='bbox 947 1508 1069 1564; x_wconf 82' lang='lat' dir='ltr'><strong>homines</strong></span> <span class='ocrx_word' id='word_1_130' title='bbox 1078 1507 1167 1566; x_wconf 79' lang='lat' dir='ltr'><strong>Latini</strong></span> 
     </span>
    </p>
   </div>
   <div class='ocr_carea' id='block_1_5' title="bbox 210 1623 423 1634">
    <p class='ocr_par' dir='ltr' id='par_1_5' title="bbox 210 1623 423 1634">
     <span class='ocr_line' id='line_1_16' title="bbox 210 1623 423 1634; baseline -0.014 0"><span class='ocrx_word' id='word_1_131' title='bbox 210 1623 423 1634; x_wconf 69' lang='lat' dir='ltr'><strong>unu—uu—--uuu</strong></span> 
     </span>
    </p>
   </div>
   <div class='ocr_carea' id='block_1_6' title="bbox 208 1673 1228 3015">
    <p class='ocr_par' dir='ltr' id='par_1_6' title="bbox 208 1673 1228 3015">
     <span class='ocr_line' id='line_1_17' title="bbox 285 1673 1166 1742; baseline -0.001 -16"><span class='ocrx_word' id='word_1_132' title='bbox 285 1673 304 1742; x_wconf 86' lang='grc'><strong>1)</strong></span> <span class='ocrx_word' id='word_1_133' title='bbox 315 1676 495 1742; x_wconf 70' lang='lat' dir='ltr'><strong>paedaaoaum</strong></span> <span class='ocrx_word' id='word_1_134' title='bbox 508 1676 623 1740; x_wconf 68' lang='lat' dir='ltr'><strong>inteltiae</strong></span> <span class='ocrx_word' id='word_1_135' title='bbox 634 1674 774 1726; x_wconf 81' lang='lat' dir='ltr'><strong>liberorum</strong></span> <span class='ocrx_word' id='word_1_136' title='bbox 785 1676 979 1726; x_wconf 72' lang='lat' dir='ltr'><strong>manumissoris</strong></span> <span class='ocrx_word' id='word_1_137' title='bbox 992 1674 1035 1742; x_wconf 81' lang='lat' dir='ltr'><strong>(L.</strong></span> <span class='ocrx_word' id='word_1_138' title='bbox 1046 1688 1079 1728; x_wconf 81' lang='grc'><strong>15.</strong></span> <span class='ocrx_word' id='word_1_139' title='bbox 1091 1676 1123 1725; x_wconf 83' lang='grc' dir='ltr'><strong>Ι).</strong></span> <span class='ocrx_word' id='word_1_140' title='bbox 1132 1676 1166 1727; x_wconf 81' lang='lat' dir='ltr'><strong>de</strong></span> 
     </span>
     <span class='ocr_line' id='line_1_18' title="bbox 208 1745 1165 1812; baseline -0.001 -16"><span class='ocrx_word' id='word_1_141' title='bbox 208 1747 294 1810; x_wconf 83' lang='lat' dir='ltr'><strong>fideie.</strong></span> <span class='ocrx_word' id='word_1_142' title='bbox 306 1746 348 1796; x_wconf 85' lang='lat' dir='ltr'><strong>lib.</strong></span> <span class='ocrx_word' id='word_1_143' title='bbox 359 1758 394 1804; x_wconf 81' lang='lat'><strong>40,</strong></span> <span class='ocrx_word' id='word_1_144' title='bbox 402 1745 433 1812; x_wconf 88' lang='grc'><strong>5).</strong></span> <span class='ocrx_word' id='word_1_145' title='bbox 447 1746 526 1808; x_wconf 85' lang='lat' dir='ltr'><strong>Infra</strong></span> <span class='ocrx_word' id='word_1_146' title='bbox 536 1747 559 1808; x_wconf 65' lang='grc' dir='ltr'><strong>ἕ.</strong></span> <span class='ocrx_word' id='word_1_147' title='bbox 568 1756 601 1798; x_wconf 77' lang='lat' dir='ltr'><strong>to.</strong></span> <span class='ocrx_word' id='word_1_148' title='bbox 612 1747 767 1810; x_wconf 71' lang='lat' dir='ltr'><strong>inteltiyitur</strong></span> <span class='ocrx_word' id='word_1_149' title='bbox 777 1749 808 1805; x_wconf 86' lang='lat' dir='ltr'><strong>is,</strong></span> <span class='ocrx_word' id='word_1_150' title='bbox 816 1747 860 1810; x_wconf 83' lang='lat' dir='ltr'><strong>qui</strong></span> <span class='ocrx_word' id='word_1_151' title='bbox 866 1747 948 1808; x_wconf 82' lang='lat' dir='ltr'><strong>ipsum</strong></span> <span class='ocrx_word' id='word_1_152' title='bbox 957 1749 1165 1797; x_wconf 80' lang='lat' dir='ltr'><strong>manumissorem</strong></span> 
     </span>
     <span class='ocr_line' id='line_1_19' title="bbox 211 1814 1163 1883; baseline -0.001 -16"><span class='ocrx_word' id='word_1_153' title='bbox 211 1818 323 1875; x_wconf 63' lang='lat' dir='ltr'><strong>irotituz&#39;t</strong></span> <span class='ocrx_word' id='word_1_154' title='bbox 334 1815 376 1881; x_wconf 78' lang='lat' dir='ltr'><strong>(L.</strong></span> <span class='ocrx_word' id='word_1_155' title='bbox 389 1829 421 1868; x_wconf 78' lang='grc'><strong>15.</strong></span> <span class='ocrx_word' id='word_1_156' title='bbox 432 1817 464 1864; x_wconf 88' lang='lat' dir='ltr'><strong>D.</strong></span> <span class='ocrx_word' id='word_1_157' title='bbox 476 1817 507 1865; x_wconf 87' lang='lat' dir='ltr'><strong>de</strong></span> <span class='ocrx_word' id='word_1_158' title='bbox 517 1832 624 1865; x_wconf 85' lang='lat' dir='ltr'><strong>manum.</strong></span> <span class='ocrx_word' id='word_1_159' title='bbox 635 1817 705 1865; x_wconf 82' lang='lat' dir='ltr'><strong>vind.</strong></span> <span class='ocrx_word' id='word_1_160' title='bbox 715 1828 750 1874; x_wconf 80' lang='lat'><strong>40,</strong></span> <span class='ocrx_word' id='word_1_161' title='bbox 765 1814 797 1883; x_wconf 75' lang='lat'><strong>2).</strong></span> <span class='ocrx_word' id='word_1_162' title='bbox 827 1815 899 1864; x_wconf 75' lang='lat' dir='ltr'><strong>Nihil</strong></span> <span class='ocrx_word' id='word_1_163' title='bbox 913 1819 995 1881; x_wconf 70' lang='lat' dir='ltr'><strong>iyitur</strong></span> <span class='ocrx_word' id='word_1_164' title='bbox 1009 1818 1163 1866; x_wconf 80' lang='lat' dir='ltr'><strong>nrutandum.</strong></span> 
     </span>
     <span class='ocr_line' id='line_1_20' title="bbox 213 1883 1164 1953; baseline 0 -17"><span class='ocrx_word' id='word_1_165' title='bbox 213 1884 233 1953; x_wconf 71' lang='grc'><strong>2)</strong></span> <span class='ocrx_word' id='word_1_166' title='bbox 251 1885 374 1936; x_wconf 86' lang='lat' dir='ltr'><strong>Omissum</strong></span> <span class='ocrx_word' id='word_1_167' title='bbox 388 1887 419 1936; x_wconf 81' lang='lat' dir='ltr'><strong>ob</strong></span> <span class='ocrx_word' id='word_1_168' title='bbox 437 1889 519 1936; x_wconf 87' lang='lat' dir='ltr'><strong>simile</strong></span> <span class='ocrx_word' id='word_1_169' title='bbox 533 1902 641 1950; x_wconf 83' lang='lat' dir='ltr'><strong>sequens</strong></span> <span class='ocrx_word' id='word_1_170' title='bbox 655 1887 748 1935; x_wconf 82' lang='lat' dir='ltr'><strong>certi-s.</strong></span> <span class='ocrx_word' id='word_1_171' title='bbox 819 1883 902 1952; x_wconf 74' lang='lat' dir='ltr'><strong>³)ffiin</strong></span> <span class='ocrx_word' id='word_1_172' title='bbox 917 1884 949 1936; x_wconf 77' lang='grc'><strong>’0.</strong></span> <span class='ocrx_word' id='word_1_173' title='bbox 979 1889 1164 1937; x_wconf 82' lang='lat' dir='ltr'><strong>manumissione</strong></span> 
     </span>
     <span class='ocr_line' id='line_1_21' title="bbox 211 1955 1163 2024; baseline -0.001 -16"><span class='ocrx_word' id='word_1_174' title='bbox 211 1958 269 2008; x_wconf 81' lang='lat' dir='ltr'><strong>edd.</strong></span> <span class='ocrx_word' id='word_1_175' title='bbox 285 1955 404 2023; x_wconf 82' lang='lat' dir='ltr'><strong>(praeter</strong></span> <span class='ocrx_word' id='word_1_176' title='bbox 413 1955 505 2024; x_wconf 67' lang='lat' dir='ltr'><strong>stum).</strong></span> <span class='ocrx_word' id='word_1_177' title='bbox 536 1956 622 2021; x_wconf 82' lang='lat' dir='ltr'><strong>Neque</strong></span> <span class='ocrx_word' id='word_1_178' title='bbox 632 1972 693 2008; x_wconf 90' lang='lat' dir='ltr'><strong>oero</strong></span> <span class='ocrx_word' id='word_1_179' title='bbox 703 1958 923 2009; x_wconf 79' lang='lat' dir='ltr'><strong>nrauumiem&#39;onem</strong></span> <span class='ocrx_word' id='word_1_180' title='bbox 936 1964 962 2007; x_wconf 83' lang='lat' dir='ltr'><strong>et</strong></span> <span class='ocrx_word' id='word_1_181' title='bbox 975 1961 1043 2008; x_wconf 79' lang='lat' dir='ltr'><strong>atior</strong></span> <span class='ocrx_word' id='word_1_182' title='bbox 1056 1959 1092 2009; x_wconf 80' lang='lat' dir='ltr'><strong>ad</strong></span> <span class='ocrx_word' id='word_1_183' title='bbox 1101 1960 1163 2007; x_wconf 83' lang='lat' dir='ltr'><strong>uiui·</strong></span> 
     </span>
     <span class='ocr_line' id='line_1_22' title="bbox 212 2027 1164 2096; baseline 0.004 -19"><span class='ocrx_word' id='word_1_184' title='bbox 212 2036 287 2079; x_wconf 88' lang='lat' dir='ltr'><strong>tatem</strong></span> <span class='ocrx_word' id='word_1_185' title='bbox 296 2029 468 2091; x_wconf 79' lang='lat' dir='ltr'><strong>perveniendi</strong></span> <span class='ocrx_word' id='word_1_186' title='bbox 481 2029 568 2079; x_wconf 85' lang='lat' dir='ltr'><strong>modos</strong></span> <span class='ocrx_word' id='word_1_187' title='bbox 584 2028 665 2077; x_wconf 81' lang='lat' dir='ltr'><strong>Gaius</strong></span> <span class='ocrx_word' id='word_1_188' title='bbox 678 2036 819 2092; x_wconf 78' lang='lat' dir='ltr'><strong>comparat.</strong></span> <span class='ocrx_word' id='word_1_189' title='bbox 845 2030 884 2092; x_wconf 77' lang='lat' dir='ltr'><strong>Cf.</strong></span> <span class='ocrx_word' id='word_1_190' title='bbox 894 2043 914 2091; x_wconf 85' lang='lat'><strong>1,</strong></span> <span class='ocrx_word' id='word_1_191' title='bbox 925 2040 958 2080; x_wconf 87' lang='grc'><strong>15.</strong></span> <span class='ocrx_word' id='word_1_192' title='bbox 969 2041 1002 2081; x_wconf 83' lang='lat' dir='ltr'><strong>lo.</strong></span> <span class='ocrx_word' id='word_1_193' title='bbox 1053 2027 1075 2096; x_wconf 81' lang='lat'><strong>⁴)</strong></span> <span class='ocrx_word' id='word_1_194' title='bbox 1090 2029 1164 2081; x_wconf 82' lang='lat' dir='ltr'><strong>Haeo</strong></span> 
     </span>
     <span class='ocr_line' id='line_1_23' title="bbox 211 2095 1228 2165; baseline 0.001 -16"><span class='ocrx_word' id='word_1_195' title='bbox 211 2115 228 2149; x_wconf 90' lang='lat' dir='ltr'><strong>a</strong></span> <span class='ocrx_word' id='word_1_196' title='bbox 242 2114 280 2149; x_wconf 89' lang='lat' dir='ltr'><strong>me</strong></span> <span class='ocrx_word' id='word_1_197' title='bbox 294 2115 350 2151; x_wconf 85' lang='lat' dir='ltr'><strong>eum</strong></span> <span class='ocrx_word' id='word_1_198' title='bbox 364 2099 469 2149; x_wconf 74' lang='lat' dir='ltr'><strong>aucam.</strong></span> <span class='ocrx_word' id='word_1_199' title='bbox 485 2106 509 2149; x_wconf 89' lang='lat' dir='ltr'><strong>et</strong></span> <span class='ocrx_word' id='word_1_200' title='bbox 522 2097 617 2149; x_wconf 77' lang='lat' dir='ltr'><strong>Boario.</strong></span> <span class='ocrx_word' id='word_1_201' title='bbox 632 2114 667 2147; x_wconf 82' lang='lat' dir='ltr'><strong>ex</strong></span> <span class='ocrx_word' id='word_1_202' title='bbox 685 2099 716 2148; x_wconf 88' lang='lat' dir='ltr'><strong>V.</strong></span> <span class='ocrx_word' id='word_1_203' title='bbox 731 2106 831 2149; x_wconf 84' lang='lat' dir='ltr'><strong>retenta</strong></span> <span class='ocrx_word' id='word_1_204' title='bbox 842 2102 930 2162; x_wconf 82' lang='lat' dir='ltr'><strong>firmat</strong></span> <span class='ocrx_word' id='word_1_205' title='bbox 943 2102 1019 2149; x_wconf 84' lang='lat' dir='ltr'><strong>etiam</strong></span> <span class='ocrx_word' id='word_1_206' title='bbox 1037 2100 1065 2150; x_wconf 89' lang='lat' dir='ltr'><em>V</em></span> <span class='ocrx_word' id='word_1_207' title='bbox 1065 2097 1094 2149; x_wconf 56' lang='grc' dir='ltr'><strong>’ἱ</strong></span> <span class='ocrx_word' id='word_1_208' title='bbox 1108 2103 1163 2165; x_wconf 84' lang='lat' dir='ltr'><strong>qui·</strong></span> <span class='ocrx_word' id='word_1_209' title='bbox 1222 2095 1228 2104; x_wconf 80' lang='grc'><strong>’</strong></span> 
     </span>
     <span class='ocr_line' id='line_1_24' title="bbox 211 2169 1162 2237; baseline 0.001 -18"><span class='ocrx_word' id='word_1_210' title='bbox 211 2169 257 2220; x_wconf 82' lang='lat' dir='ltr'><strong>bus</strong></span> <span class='ocrx_word' id='word_1_211' title='bbox 272 2186 319 2220; x_wconf 89' lang='lat' dir='ltr'><strong>eur</strong></span> <span class='ocrx_word' id='word_1_212' title='bbox 337 2185 390 2221; x_wconf 88' lang='lat' dir='ltr'><strong>meo</strong></span> <span class='ocrx_word' id='word_1_213' title='bbox 409 2185 478 2220; x_wconf 88' lang='lat' dir='ltr'><strong>more</strong></span> <span class='ocrx_word' id='word_1_214' title='bbox 496 2171 546 2218; x_wconf 85' lang='lat' dir='ltr'><strong>uim</strong></span> <span class='ocrx_word' id='word_1_215' title='bbox 564 2171 681 2218; x_wconf 86' lang='lat' dir='ltr'><strong>intulisse</strong></span> <span class='ocrx_word' id='word_1_216' title='bbox 700 2169 777 2220; x_wconf 82' lang='lat' dir='ltr'><strong>dicar</strong></span> <span class='ocrx_word' id='word_1_217' title='bbox 791 2186 808 2218; x_wconf 92' lang='lat' dir='ltr'><strong>a</strong></span> <span class='ocrx_word' id='word_1_218' title='bbox 828 2169 945 2221; x_wconf 83' lang='lat' dir='ltr'><strong>Goudsm.</strong></span> <span class='ocrx_word' id='word_1_219' title='bbox 965 2186 1016 2221; x_wconf 85' lang='lat' dir='ltr'><strong>uon</strong></span> <span class='ocrx_word' id='word_1_220' title='bbox 1035 2174 1162 2237; x_wconf 71' lang='lat' dir='ltr'><strong>intelleyo.</strong></span> 
     </span>
     <span class='ocr_line' id='line_1_25' title="bbox 211 2240 1163 2305; baseline 0.003 -16"><span class='ocrx_word' id='word_1_221' title='bbox 211 2242 267 2305; x_wconf 84' lang='lat' dir='ltr'><strong>ipse</strong></span> <span class='ocrx_word' id='word_1_222' title='bbox 280 2243 353 2290; x_wconf 85' lang='lat' dir='ltr'><strong>nulla</strong></span> <span class='ocrx_word' id='word_1_223' title='bbox 367 2255 454 2290; x_wconf 88' lang='lat' dir='ltr'><strong>eorum</strong></span> <span class='ocrx_word' id='word_1_224' title='bbox 469 2255 533 2304; x_wconf 87' lang='lat' dir='ltr'><strong>quae</strong></span> <span class='ocrx_word' id='word_1_225' title='bbox 547 2242 620 2303; x_wconf 83' lang='lat' dir='ltr'><strong>sequi</strong></span> <span class='ocrx_word' id='word_1_226' title='bbox 630 2247 754 2301; x_wconf 82' lang='lat' dir='ltr'><strong>poterant</strong></span> <span class='ocrx_word' id='word_1_227' title='bbox 766 2242 868 2291; x_wconf 85' lang='lat' dir='ltr'><strong>ratione</strong></span> <span class='ocrx_word' id='word_1_228' title='bbox 882 2240 970 2291; x_wconf 75' lang='lat' dir='ltr'><strong>habita</strong></span> <span class='ocrx_word' id='word_1_229' title='bbox 984 2244 1096 2292; x_wconf 78' lang='lat' dir='ltr'><strong>intrudit</strong></span> <span class='ocrx_word' id='word_1_230' title='bbox 1109 2256 1163 2292; x_wconf 89' lang='lat' dir='ltr'><strong>oum</strong></span> 
     </span>
     <span class='ocr_line' id='line_1_26' title="bbox 212 2310 1163 2379; baseline 0.004 -20"><span class='ocrx_word' id='word_1_231' title='bbox 212 2310 273 2360; x_wconf 87' lang='lat' dir='ltr'><strong>liber</strong></span> <span class='ocrx_word' id='word_1_232' title='bbox 289 2318 339 2359; x_wconf 90' lang='lat' dir='ltr'><strong>tum</strong></span> <span class='ocrx_word' id='word_1_233' title='bbox 358 2312 470 2367; x_wconf 79' lang='lat' dir='ltr'><strong>sthenes</strong></span> <span class='ocrx_word' id='word_1_234' title='bbox 488 2310 586 2358; x_wconf 81' lang='lat' dir='ltr'><strong>relictus</strong></span> <span class='ocrx_word' id='word_1_235' title='bbox 601 2310 632 2357; x_wconf 92' lang='lat' dir='ltr'><strong>sit</strong></span> <span class='ocrx_word' id='word_1_236' title='bbox 652 2312 728 2359; x_wconf 85' lang='lat' dir='ltr'><strong>etiam</strong></span> <span class='ocrx_word' id='word_1_237' title='bbox 741 2324 792 2374; x_wconf 86' lang='lat' dir='ltr'><strong>per</strong></span> <span class='ocrx_word' id='word_1_238' title='bbox 805 2327 833 2361; x_wconf 84' lang='lat' dir='ltr'><strong>ae</strong></span> <span class='ocrx_word' id='word_1_239' title='bbox 853 2326 904 2362; x_wconf 85' lang='lat' dir='ltr'><strong>non</strong></span> <span class='ocrx_word' id='word_1_240' title='bbox 920 2312 1040 2374; x_wconf 80' lang='lat' dir='ltr'><strong>serenda.</strong></span> <span class='ocrx_word' id='word_1_241' title='bbox 1091 2312 1113 2379; x_wconf 75' lang='grc'><strong>5)</strong></span> <span class='ocrx_word' id='word_1_242' title='bbox 1131 2312 1163 2363; x_wconf 86' lang='lat' dir='ltr'><strong>In</strong></span> 
     </span>
     <span class='ocr_line' id='line_1_27' title="bbox 211 2380 1162 2447; baseline 0.003 -17"><span class='ocrx_word' id='word_1_243' title='bbox 211 2381 251 2430; x_wconf 84' lang='lat' dir='ltr'><strong>ed.</strong></span> <span class='ocrx_word' id='word_1_244' title='bbox 266 2392 287 2432; x_wconf 81' lang='lat' dir='ltr'><strong>a.</strong></span> <span class='ocrx_word' id='word_1_245' title='bbox 302 2381 336 2430; x_wconf 85' lang='lat' dir='ltr'><strong>ad</strong></span> <span class='ocrx_word' id='word_1_246' title='bbox 351 2380 537 2444; x_wconf 81' lang='lat' dir='ltr'><strong>perficiendam</strong></span> <span class='ocrx_word' id='word_1_247' title='bbox 556 2380 633 2429; x_wconf 76' lang='lat' dir='ltr'><strong>iuius</strong></span> <span class='ocrx_word' id='word_1_248' title='bbox 652 2382 675 2442; x_wconf 70' lang='lat'><strong>§-</strong></span> <span class='ocrx_word' id='word_1_249' title='bbox 690 2393 723 2432; x_wconf 80' lang='grc'><strong>11.</strong></span> <span class='ocrx_word' id='word_1_250' title='bbox 741 2385 892 2432; x_wconf 82' lang='lat' dir='ltr'><strong>seutentiam</strong></span> <span class='ocrx_word' id='word_1_251' title='bbox 910 2384 938 2431; x_wconf 86' lang='lat' dir='ltr'><strong>iu</strong></span> <span class='ocrx_word' id='word_1_252' title='bbox 956 2386 1012 2447; x_wconf 83' lang='lat' dir='ltr'><strong>ipso</strong></span> <span class='ocrx_word' id='word_1_253' title='bbox 1033 2391 1162 2446; x_wconf 74' lang='lat' dir='ltr'><strong>contextu,</strong></span> 
     </span>
     <span class='ocr_line' id='line_1_28' title="bbox 211 2450 1163 2520; baseline 0.004 -19"><span class='ocrx_word' id='word_1_254' title='bbox 211 2451 314 2501; x_wconf 77' lang='lat' dir='ltr'><strong>schedis</strong></span> <span class='ocrx_word' id='word_1_255' title='bbox 326 2450 488 2500; x_wconf 80' lang='lat' dir='ltr'><strong>Btaiimianis</strong></span> <span class='ocrx_word' id='word_1_256' title='bbox 502 2452 587 2509; x_wconf 85' lang='lat' dir='ltr'><strong>nisus,</strong></span> <span class='ocrx_word' id='word_1_257' title='bbox 605 2466 641 2499; x_wconf 78' lang='lat' dir='ltr'><strong>em</strong></span> <span class='ocrx_word' id='word_1_258' title='bbox 653 2453 677 2513; x_wconf 66' lang='grc' dir='ltr'><strong>ξ.</strong></span> <span class='ocrx_word' id='word_1_259' title='bbox 692 2464 712 2503; x_wconf 72' lang='lat' dir='ltr'><strong>a.</strong></span> <span class='ocrx_word' id='word_1_260' title='bbox 727 2452 749 2500; x_wconf 91' lang='lat' dir='ltr'><strong>I.</strong></span> <span class='ocrx_word' id='word_1_261' title='bbox 764 2453 832 2517; x_wconf 83' lang='lat' dir='ltr'><strong>quib.</strong></span> <span class='ocrx_word' id='word_1_262' title='bbox 849 2469 958 2503; x_wconf 82' lang='lat' dir='ltr'><strong>manum.</strong></span> <span class='ocrx_word' id='word_1_263' title='bbox 973 2453 1005 2519; x_wconf 85' lang='lat'><strong>(1,</strong></span> <span class='ocrx_word' id='word_1_264' title='bbox 1020 2453 1043 2520; x_wconf 78' lang='lat' dir='ltr'><strong>a)</strong></span> <span class='ocrx_word' id='word_1_265' title='bbox 1062 2457 1163 2505; x_wconf 77' lang='lat' dir='ltr'><strong>collatis</strong></span> 
     </span>
     <span class='ocr_line' id='line_1_29' title="bbox 212 2519 1160 2591; baseline 0.004 -20"><span class='ocrx_word' id='word_1_266' title='bbox 212 2523 236 2583; x_wconf 69' lang='lat'><strong>§-</strong></span> <span class='ocrx_word' id='word_1_267' title='bbox 251 2534 271 2571; x_wconf 85' lang='grc'><strong>1.</strong></span> <span class='ocrx_word' id='word_1_268' title='bbox 286 2519 308 2569; x_wconf 93' lang='grc' dir='ltr'><strong>Ι.</strong></span> <span class='ocrx_word' id='word_1_269' title='bbox 324 2522 368 2585; x_wconf 86' lang='lat' dir='ltr'><strong>qui</strong></span> <span class='ocrx_word' id='word_1_270' title='bbox 381 2526 436 2569; x_wconf 84' lang='lat' dir='ltr'><strong>test.</strong></span> <span class='ocrx_word' id='word_1_271' title='bbox 452 2528 496 2569; x_wconf 86' lang='lat' dir='ltr'><strong>tut.</strong></span> <span class='ocrx_word' id='word_1_272' title='bbox 514 2519 591 2587; x_wconf 82' lang='lat'><strong>(1,14)</strong></span> <span class='ocrx_word' id='word_1_273' title='bbox 605 2520 637 2569; x_wconf 85' lang='lat' dir='ltr'><strong>L.</strong></span> <span class='ocrx_word' id='word_1_274' title='bbox 649 2532 669 2573; x_wconf 85' lang='lat'><strong>5.</strong></span> <span class='ocrx_word' id='word_1_275' title='bbox 683 2522 708 2571; x_wconf 83' lang='lat'><strong>0.</strong></span> <span class='ocrx_word' id='word_1_276' title='bbox 723 2522 755 2571; x_wconf 86' lang='lat' dir='ltr'><strong>de</strong></span> <span class='ocrx_word' id='word_1_277' title='bbox 769 2531 824 2572; x_wconf 87' lang='lat' dir='ltr'><strong>test.</strong></span> <span class='ocrx_word' id='word_1_278' title='bbox 840 2531 885 2573; x_wconf 88' lang='lat' dir='ltr'><strong>tut.</strong></span> <span class='ocrx_word' id='word_1_279' title='bbox 901 2522 931 2589; x_wconf 89' lang='grc'><strong>(5,</strong></span> <span class='ocrx_word' id='word_1_280' title='bbox 942 2524 978 2591; x_wconf 80' lang='lat'><strong>28)</strong></span> <span class='ocrx_word' id='word_1_281' title='bbox 993 2525 1160 2588; x_wconf 76' lang='lat' dir='ltr'><strong>haeeforma·</strong></span> 
     </span>
     <span class='ocr_line' id='line_1_30' title="bbox 212 2588 1160 2659; baseline 0.006 -19"><span class='ocrx_word' id='word_1_282' title='bbox 212 2606 312 2642; x_wconf 86' lang='lat' dir='ltr'><strong>ueram:</strong></span> <span class='ocrx_word' id='word_1_283' title='bbox 338 2588 457 2640; x_wconf 79' lang='lat' dir='ltr'><strong>‘relictum</strong></span> <span class='ocrx_word' id='word_1_284' title='bbox 478 2606 566 2641; x_wconf 85' lang='lat' dir='ltr'><strong>seruus</strong></span> <span class='ocrx_word' id='word_1_285' title='bbox 587 2594 716 2643; x_wconf 85' lang='lat' dir='ltr'><strong>silmiliter</strong></span> <span class='ocrx_word' id='word_1_286' title='bbox 736 2609 792 2642; x_wconf 88' lang='lat' dir='ltr'><strong>eum</strong></span> <span class='ocrx_word' id='word_1_287' title='bbox 815 2594 932 2644; x_wconf 84' lang='lat' dir='ltr'><strong>libertate</strong></span> <span class='ocrx_word' id='word_1_288' title='bbox 955 2595 1030 2645; x_wconf 79' lang='lat' dir='ltr'><strong>ireres</strong></span> <span class='ocrx_word' id='word_1_289' title='bbox 1051 2599 1160 2659; x_wconf 82' lang='lat' dir='ltr'><strong>scriptus</strong></span> 
     </span>
     <span class='ocr_line' id='line_1_31' title="bbox 212 2662 1160 2724; baseline 0.006 -15"><span class='ocrx_word' id='word_1_290' title='bbox 212 2667 355 2711; x_wconf 84' lang='lat' dir='ltr'><strong>testamento</strong></span> <span class='ocrx_word' id='word_1_291' title='bbox 370 2677 421 2712; x_wconf 86' lang='lat' dir='ltr'><strong>non</strong></span> <span class='ocrx_word' id='word_1_292' title='bbox 431 2662 587 2724; x_wconf 81' lang='lat' dir='ltr'><strong>praecedat,</strong></span> <span class='ocrx_word' id='word_1_293' title='bbox 607 2669 632 2712; x_wconf 88' lang='lat' dir='ltr'><strong>et</strong></span> <span class='ocrx_word' id='word_1_294' title='bbox 645 2677 716 2711; x_wconf 82' lang='lat' dir='ltr'><strong>nemo</strong></span> <span class='ocrx_word' id='word_1_295' title='bbox 731 2666 799 2712; x_wconf 86' lang='lat' dir='ltr'><strong>atius</strong></span> <span class='ocrx_word' id='word_1_296' title='bbox 815 2668 819 2723; x_wconf 89' lang='grc'><strong>1</strong></span> <span class='ocrx_word' id='word_1_297' title='bbox 835 2680 869 2713; x_wconf 82' lang='lat' dir='ltr'><strong>em</strong></span> <span class='ocrx_word' id='word_1_298' title='bbox 883 2680 912 2715; x_wconf 89' lang='lat' dir='ltr'><strong>eo</strong></span> <span class='ocrx_word' id='word_1_299' title='bbox 926 2672 1074 2717; x_wconf 83' lang='lat' dir='ltr'><strong>testamento</strong></span> <span class='ocrx_word' id='word_1_300' title='bbox 1088 2668 1160 2716; x_wconf 78' lang='lat' dir='ltr'><strong>heres</strong></span> 
     </span>
     <span class='ocr_line' id='line_1_32' title="bbox 211 2732 1160 2800; baseline 0.004 -19"><span class='ocrx_word' id='word_1_301' title='bbox 211 2734 253 2781; x_wconf 84' lang='lat' dir='ltr'><strong>sit.</strong></span> <span class='ocrx_word' id='word_1_302' title='bbox 282 2732 357 2796; x_wconf 84' lang='lat' dir='ltr'><strong>idque</strong></span> <span class='ocrx_word' id='word_1_303' title='bbox 372 2733 459 2782; x_wconf 86' lang='lat' dir='ltr'><strong>eudem</strong></span> <span class='ocrx_word' id='word_1_304' title='bbox 474 2735 528 2798; x_wconf 67' lang='lat' dir='ltr'><strong>leae</strong></span> <span class='ocrx_word' id='word_1_305' title='bbox 543 2732 619 2782; x_wconf 84' lang='lat' dir='ltr'><strong>Aelia</strong></span> <span class='ocrx_word' id='word_1_306' title='bbox 633 2732 723 2782; x_wconf 84' lang='lat' dir='ltr'><strong>Sentio</strong></span> <span class='ocrx_word' id='word_1_307' title='bbox 738 2741 840 2784; x_wconf 88' lang='lat' dir='ltr'><strong>cautum</strong></span> <span class='ocrx_word' id='word_1_308' title='bbox 853 2743 898 2786; x_wconf 83' lang='lat' dir='ltr'><strong>est.</strong></span> <span class='ocrx_word' id='word_1_309' title='bbox 916 2740 920 2795; x_wconf 95' lang='grc' dir='ltr'>Ι</span> <span class='ocrx_word' id='word_1_310' title='bbox 935 2737 1001 2786; x_wconf 88' lang='lat' dir='ltr'><strong>idem</strong></span> <span class='ocrx_word' id='word_1_311' title='bbox 1017 2738 1112 2800; x_wconf 85' lang='lat' dir='ltr'><strong>fauore</strong></span> <span class='ocrx_word' id='word_1_312' title='bbox 1130 2739 1160 2786; x_wconf 83' lang='lat' dir='ltr'><strong>ii·</strong></span> 
     </span>
     <span class='ocr_line' id='line_1_33' title="bbox 211 2802 1162 2871; baseline 0.006 -20"><span class='ocrx_word' id='word_1_313' title='bbox 211 2802 320 2852; x_wconf 82' lang='lat' dir='ltr'><strong>bertatis</strong></span> <span class='ocrx_word' id='word_1_314' title='bbox 333 2803 365 2852; x_wconf 87' lang='lat' dir='ltr'><strong>de</strong></span> <span class='ocrx_word' id='word_1_315' title='bbox 379 2818 408 2853; x_wconf 86' lang='lat' dir='ltr'><strong>eo</strong></span> <span class='ocrx_word' id='word_1_316' title='bbox 422 2818 499 2853; x_wconf 86' lang='lat' dir='ltr'><strong>seruo</strong></span> <span class='ocrx_word' id='word_1_317' title='bbox 514 2803 636 2852; x_wconf 87' lang='lat' dir='ltr'><strong>Proculus</strong></span> <span class='ocrx_word' id='word_1_318' title='bbox 651 2805 792 2863; x_wconf 78' lang='lat' dir='ltr'><strong>existimat,</strong></span> <span class='ocrx_word' id='word_1_319' title='bbox 810 2810 814 2865; x_wconf 87' lang='grc' dir='ltr'>Ι</span> <span class='ocrx_word' id='word_1_320' title='bbox 830 2808 875 2871; x_wconf 84' lang='lat' dir='ltr'><strong>qui</strong></span> <span class='ocrx_word' id='word_1_321' title='bbox 887 2808 943 2857; x_wconf 82' lang='lat' dir='ltr'><strong>eine</strong></span> <span class='ocrx_word' id='word_1_322' title='bbox 957 2807 1075 2858; x_wconf 84' lang='lat' dir='ltr'><strong>libertate</strong></span> <span class='ocrx_word' id='word_1_323' title='bbox 1089 2808 1162 2857; x_wconf 78' lang='lat' dir='ltr'><strong>ireres</strong></span> 
     </span>
     <span class='ocr_line' id='line_1_34' title="bbox 210 2870 1161 2943; baseline 0.006 -21"><span class='ocrx_word' id='word_1_324' title='bbox 210 2875 324 2937; x_wconf 82' lang='lat' dir='ltr'><strong>scriptus</strong></span> <span class='ocrx_word' id='word_1_325' title='bbox 344 2870 399 2923; x_wconf 84' lang='lat' dir='ltr'><strong>sit’.</strong></span> <span class='ocrx_word' id='word_1_326' title='bbox 425 2900 457 2909; x_wconf 94' lang='lat'>-</span> <span class='ocrx_word' id='word_1_327' title='bbox 480 2872 533 2923; x_wconf 83' lang='lat' dir='ltr'><strong>Sed</strong></span> <span class='ocrx_word' id='word_1_328' title='bbox 553 2876 628 2925; x_wconf 86' lang='lat' dir='ltr'><strong>etiam</strong></span> <span class='ocrx_word' id='word_1_329' title='bbox 647 2876 889 2939; x_wconf 81' lang='lat' dir='ltr'><strong>reliquampartem</strong></span> <span class='ocrx_word' id='word_1_330' title='bbox 907 2880 1035 2943; x_wconf 67' lang='lat' dir='ltr'><strong>paginae,</strong></span> <span class='ocrx_word' id='word_1_331' title='bbox 1056 2894 1091 2927; x_wconf 77' lang='lat' dir='ltr'><strong>ece</strong></span> <span class='ocrx_word' id='word_1_332' title='bbox 1112 2894 1161 2943; x_wconf 80' lang='lat' dir='ltr'><strong>qua</strong></span> 
     </span>
     <span class='ocr_line' id='line_1_35' title="bbox 214 2942 1160 3015; baseline 0.006 -23"><span class='ocrx_word' id='word_1_333' title='bbox 214 2942 304 2993; x_wconf 76' lang='lat' dir='ltr'><strong>Griseli.</strong></span> <span class='ocrx_word' id='word_1_334' title='bbox 320 2955 339 2994; x_wconf 82' lang='grc'><strong>1.</strong></span> <span class='ocrx_word' id='word_1_335' title='bbox 362 2959 466 3008; x_wconf 85' lang='lat' dir='ltr'><strong>eamque</strong></span> <span class='ocrx_word' id='word_1_336' title='bbox 479 2952 581 2994; x_wconf 83' lang='lat' dir='ltr'><strong>secutae</strong></span> <span class='ocrx_word' id='word_1_337' title='bbox 596 2946 654 2994; x_wconf 84' lang='lat' dir='ltr'><strong>edd.</strong></span> <span class='ocrx_word' id='word_1_338' title='bbox 670 2947 788 3011; x_wconf 69' lang='lat' dir='ltr'><strong>sinqulas</strong></span> <span class='ocrx_word' id='word_1_339' title='bbox 803 2954 899 2996; x_wconf 87' lang='lat' dir='ltr'><strong>tantum</strong></span> <span class='ocrx_word' id='word_1_340' title='bbox 913 2963 987 2997; x_wconf 84' lang='lat' dir='ltr'><strong>voees</strong></span> <span class='ocrx_word' id='word_1_341' title='bbox 1004 2948 1110 3015; x_wconf 87' lang='lat' dir='ltr'><strong>(spurios</strong></span> <span class='ocrx_word' id='word_1_342' title='bbox 1128 2976 1160 2985; x_wconf 91' lang='lat'><em>-</em></span> 
     </span>
    </p>
   </div>
   <div class='ocr_carea' id='block_1_7' title="bbox 210 3048 423 3059">
    <p class='ocr_par' dir='ltr' id='par_1_7' title="bbox 210 3048 423 3059">
     <span class='ocr_line' id='line_1_36' title="bbox 210 3048 423 3059; baseline -0.005 0"><span class='ocrx_word' id='word_1_343' title='bbox 210 3048 423 3059; x_wconf 61' lang='lat' dir='ltr'><strong>——uu———n-</strong></span> 
     </span>
    </p>
   </div>
   <div class='ocr_carea' id='block_1_8' title="bbox 186 3098 1160 3597">
    <p class='ocr_par' dir='ltr' id='par_1_8' title="bbox 186 3098 1160 3597">
     <span class='ocr_line' id='line_1_37' title="bbox 186 3098 1160 3171; baseline 0.005 -18"><span class='ocrx_word' id='word_1_344' title='bbox 186 3153 189 3159; x_wconf 80' lang='grc'>,</span> <span class='ocrx_word' id='word_1_345' title='bbox 282 3098 307 3170; x_wconf 64' lang='grc' dir='ltr'><strong>ἓ.</strong></span> <span class='ocrx_word' id='word_1_346' title='bbox 319 3104 361 3154; x_wconf 84' lang='grc'><strong>20.</strong></span> <span class='ocrx_word' id='word_1_347' title='bbox 378 3103 416 3167; x_wconf 78' lang='lat' dir='ltr'><strong>Of.</strong></span> <span class='ocrx_word' id='word_1_348' title='bbox 431 3102 485 3167; x_wconf 81' lang='lat' dir='ltr'><strong>Uip.</strong></span> <span class='ocrx_word' id='word_1_349' title='bbox 501 3116 522 3167; x_wconf 84' lang='lat'><strong>1,</strong></span> <span class='ocrx_word' id='word_1_350' title='bbox 537 3116 562 3156; x_wconf 80' lang='grc'><strong>15</strong></span> <span class='ocrx_word' id='word_1_351' title='bbox 570 3120 594 3153; x_wconf 86' lang='grc' dir='ltr'><strong>α.</strong></span> <span class='ocrx_word' id='word_1_352' title='bbox 610 3107 632 3167; x_wconf 67' lang='grc' dir='ltr'><strong>ξ.</strong></span> <span class='ocrx_word' id='word_1_353' title='bbox 648 3117 669 3155; x_wconf 77' lang='lat' dir='ltr'><strong>a.</strong></span> <span class='ocrx_word' id='word_1_354' title='bbox 684 3105 707 3153; x_wconf 92' lang='lat' dir='ltr'><strong>I.</strong></span> <span class='ocrx_word' id='word_1_355' title='bbox 722 3107 754 3155; x_wconf 86' lang='lat' dir='ltr'><strong>de</strong></span> <span class='ocrx_word' id='word_1_356' title='bbox 768 3106 851 3155; x_wconf 84' lang='lat' dir='ltr'><strong>libert.</strong></span> <span class='ocrx_word' id='word_1_357' title='bbox 868 3104 898 3171; x_wconf 86' lang='lat'><strong>(1,</strong></span> <span class='ocrx_word' id='word_1_358' title='bbox 908 3104 938 3171; x_wconf 89' lang='grc'><strong>5).</strong></span> <span class='ocrx_word' id='word_1_359' title='bbox 962 3106 1091 3171; x_wconf 72' lang='grc' dir='ltr'><strong>ΤΙιεορΙιίῖ.</strong></span> <span class='ocrx_word' id='word_1_360' title='bbox 1106 3121 1126 3167; x_wconf 90' lang='grc'><strong>1,</strong></span> <span class='ocrx_word' id='word_1_361' title='bbox 1139 3119 1160 3160; x_wconf 93' lang='grc'><strong>5.</strong></span> 
     </span>
     <span class='ocr_line' id='line_1_38' title="bbox 211 3174 1159 3244; baseline 0.004 -21"><span class='ocrx_word' id='word_1_362' title='bbox 211 3174 251 3235; x_wconf 65' lang='lat'><strong>55.</strong></span> <span class='ocrx_word' id='word_1_363' title='bbox 267 3184 287 3223; x_wconf 79' lang='lat'><strong>2.</strong></span> <span class='ocrx_word' id='word_1_364' title='bbox 302 3185 323 3223; x_wconf 84' lang='lat'><strong>4.</strong></span> <span class='ocrx_word' id='word_1_365' title='bbox 339 3187 358 3232; x_wconf 89' lang='lat'><strong>1,</strong></span> <span class='ocrx_word' id='word_1_366' title='bbox 373 3186 393 3225; x_wconf 86' lang='grc'><strong>5.</strong></span> <span class='ocrx_word' id='word_1_367' title='bbox 413 3176 435 3235; x_wconf 65' lang='grc' dir='ltr'><strong>ἓ.</strong></span> <span class='ocrx_word' id='word_1_368' title='bbox 451 3187 472 3225; x_wconf 87' lang='lat'><strong>4.</strong></span> <span class='ocrx_word' id='word_1_369' title='bbox 491 3174 522 3223; x_wconf 79' lang='lat' dir='ltr'><strong>L.</strong></span> <span class='ocrx_word' id='word_1_370' title='bbox 539 3188 564 3226; x_wconf 84' lang='lat'><strong>16</strong></span> <span class='ocrx_word' id='word_1_371' title='bbox 574 3190 618 3237; x_wconf 81' lang='lat' dir='ltr'><strong>pr.</strong></span> <span class='ocrx_word' id='word_1_372' title='bbox 634 3175 666 3223; x_wconf 87' lang='lat' dir='ltr'><strong>D.</strong></span> <span class='ocrx_word' id='word_1_373' title='bbox 688 3177 720 3225; x_wconf 83' lang='lat' dir='ltr'><strong>de</strong></span> <span class='ocrx_word' id='word_1_374' title='bbox 738 3192 844 3225; x_wconf 87' lang='lat' dir='ltr'><strong>manum.</strong></span> <span class='ocrx_word' id='word_1_375' title='bbox 865 3178 933 3225; x_wconf 84' lang='lat' dir='ltr'><strong>vind.</strong></span> <span class='ocrx_word' id='word_1_376' title='bbox 948 3175 1084 3244; x_wconf 70' lang='grc' dir='ltr'><strong>(ιο,2).Ιι.</strong></span> <span class='ocrx_word' id='word_1_377' title='bbox 1100 3191 1119 3229; x_wconf 93' lang='grc'><strong>1.</strong></span> <span class='ocrx_word' id='word_1_378' title='bbox 1134 3179 1159 3228; x_wconf 81' lang='lat' dir='ltr'><strong>C.</strong></span> 
     </span>
     <span class='ocr_line' id='line_1_39' title="bbox 211 3241 1158 3310; baseline 0.006 -17"><span class='ocrx_word' id='word_1_379' title='bbox 211 3244 266 3294; x_wconf 85' lang='lat' dir='ltr'><strong>eod.</strong></span> <span class='ocrx_word' id='word_1_380' title='bbox 281 3241 313 3309; x_wconf 80' lang='grc'><strong>(1,</strong></span> <span class='ocrx_word' id='word_1_381' title='bbox 325 3242 354 3310; x_wconf 93' lang='grc'><strong>1).</strong></span> <span class='ocrx_word' id='word_1_382' title='bbox 374 3244 434 3296; x_wconf 78' lang='lat' dir='ltr'><strong>Lex</strong></span> <span class='ocrx_word' id='word_1_383' title='bbox 445 3246 515 3295; x_wconf 87' lang='lat' dir='ltr'><strong>Ftao.</strong></span> <span class='ocrx_word' id='word_1_384' title='bbox 531 3245 649 3308; x_wconf 83' lang='lat' dir='ltr'><strong>Salpens.</strong></span> <span class='ocrx_word' id='word_1_385' title='bbox 664 3258 698 3296; x_wconf 79' lang='lat'><strong>28.</strong></span> <span class='ocrx_word' id='word_1_386' title='bbox 713 3245 745 3295; x_wconf 85' lang='lat' dir='ltr'><strong>L.</strong></span> <span class='ocrx_word' id='word_1_387' title='bbox 760 3259 826 3309; x_wconf 79' lang='lat' dir='ltr'><strong>apr.</strong></span> <span class='ocrx_word' id='word_1_388' title='bbox 847 3246 890 3295; x_wconf 76' lang='lat' dir='ltr'><strong>Ta.</strong></span> <span class='ocrx_word' id='word_1_389' title='bbox 907 3247 932 3295; x_wconf 80' lang='lat'><strong>0.</strong></span> <span class='ocrx_word' id='word_1_390' title='bbox 943 3247 1062 3298; x_wconf 86' lang='lat' dir='ltr'><strong>detutor.</strong></span> <span class='ocrx_word' id='word_1_391' title='bbox 1072 3256 1158 3299; x_wconf 85' lang='lat' dir='ltr'><strong>eteur.</strong></span> 
     </span>
     <span class='ocr_line' id='line_1_40' title="bbox 211 3313 1157 3383; baseline 0.004 -18"><span class='ocrx_word' id='word_1_392' title='bbox 211 3314 243 3379; x_wconf 80' lang='grc'><strong>(5,</strong></span> <span class='ocrx_word' id='word_1_393' title='bbox 257 3313 301 3381; x_wconf 82' lang='grc'><strong>11).</strong></span> <span class='ocrx_word' id='word_1_394' title='bbox 327 3316 409 3363; x_wconf 84' lang='lat' dir='ltr'><strong>ultimo</strong></span> <span class='ocrx_word' id='word_1_395' title='bbox 429 3316 467 3364; x_wconf 88' lang='lat' dir='ltr'><strong>die</strong></span> <span class='ocrx_word' id='word_1_396' title='bbox 483 3313 563 3383; x_wconf 72' lang='lat' dir='ltr'><strong>oona]</strong></span> <span class='ocrx_word' id='word_1_397' title='bbox 584 3318 629 3380; x_wconf 86' lang='lat' dir='ltr'><strong>qui</strong></span> <span class='ocrx_word' id='word_1_398' title='bbox 648 3332 702 3366; x_wconf 89' lang='lat' dir='ltr'><strong>eum</strong></span> <span class='ocrx_word' id='word_1_399' title='bbox 720 3323 772 3366; x_wconf 82' lang='lat' dir='ltr'><strong>toto</strong></span> <span class='ocrx_word' id='word_1_400' title='bbox 791 3324 915 3366; x_wconf 84' lang='lat' dir='ltr'><strong>conuentu</strong></span> <span class='ocrx_word' id='word_1_401' title='bbox 936 3318 1092 3369; x_wconf 73' lang='lat' dir='ltr'><strong>adtrahatur.</strong></span> <span class='ocrx_word' id='word_1_402' title='bbox 1121 3320 1157 3383; x_wconf 81' lang='lat' dir='ltr'><strong>Cf.</strong></span> 
     </span>
     <span class='ocr_line' id='line_1_41' title="bbox 209 3383 1156 3455; baseline 0.006 -22"><span class='ocrx_word' id='word_1_403' title='bbox 209 3384 279 3433; x_wconf 83' lang='lat' dir='ltr'><strong>Suet.</strong></span> <span class='ocrx_word' id='word_1_404' title='bbox 298 3383 369 3433; x_wconf 79' lang='lat' dir='ltr'><strong>Gaza.</strong></span> <span class='ocrx_word' id='word_1_405' title='bbox 386 3396 418 3435; x_wconf 93' lang='lat'><strong>10.</strong></span> <span class='ocrx_word' id='word_1_406' title='bbox 435 3384 503 3433; x_wconf 88' lang='lat' dir='ltr'><strong>Plut.</strong></span> <span class='ocrx_word' id='word_1_407' title='bbox 521 3386 592 3437; x_wconf 79' lang='lat' dir='ltr'><strong>auto.</strong></span> <span class='ocrx_word' id='word_1_408' title='bbox 608 3398 628 3438; x_wconf 91' lang='grc'><strong>5.</strong></span> <span class='ocrx_word' id='word_1_409' title='bbox 679 3383 704 3455; x_wconf 83' lang='lat'><strong>§.</strong></span> <span class='ocrx_word' id='word_1_410' title='bbox 720 3389 762 3436; x_wconf 83' lang='lat'><strong>21.</strong></span> <span class='ocrx_word' id='word_1_411' title='bbox 788 3387 826 3450; x_wconf 76' lang='lat' dir='ltr'><strong>Cf.</strong></span> <span class='ocrx_word' id='word_1_412' title='bbox 842 3389 865 3448; x_wconf 70' lang='lat'><strong>§-</strong></span> <span class='ocrx_word' id='word_1_413' title='bbox 880 3400 900 3438; x_wconf 91' lang='lat'><strong>1.</strong></span> <span class='ocrx_word' id='word_1_414' title='bbox 919 3387 941 3438; x_wconf 92' lang='grc' dir='ltr'><strong>Ι.</strong></span> <span class='ocrx_word' id='word_1_415' title='bbox 960 3390 1027 3454; x_wconf 82' lang='lat' dir='ltr'><strong>quib.</strong></span> <span class='ocrx_word' id='word_1_416' title='bbox 1043 3405 1077 3441; x_wconf 78' lang='lat' dir='ltr'><strong>em</strong></span> <span class='ocrx_word' id='word_1_417' title='bbox 1091 3406 1156 3440; x_wconf 84' lang='lat' dir='ltr'><strong>eous.</strong></span> 
     </span>
     <span class='ocr_line' id='line_1_42' title="bbox 209 3453 1157 3522; baseline 0.011 -21"><span class='ocrx_word' id='word_1_418' title='bbox 209 3469 277 3502; x_wconf 66' lang='lat' dir='ltr'><strong>onan.</strong></span> <span class='ocrx_word' id='word_1_419' title='bbox 294 3453 375 3520; x_wconf 80' lang='lat' dir='ltr'><strong>(1,o&gt;:</strong></span> <span class='ocrx_word' id='word_1_420' title='bbox 391 3455 464 3517; x_wconf 83' lang='lat' dir='ltr'><strong>infra</strong></span> <span class='ocrx_word' id='word_1_421' title='bbox 479 3468 499 3513; x_wconf 83' lang='lat' dir='ltr'><strong>e,</strong></span> <span class='ocrx_word' id='word_1_422' title='bbox 514 3467 560 3507; x_wconf 83' lang='lat'>154.</span> <span class='ocrx_word' id='word_1_423' title='bbox 576 3469 623 3509; x_wconf 75' lang='lat' dir='ltr'><strong>ero.</strong></span> <span class='ocrx_word' id='word_1_424' title='bbox 644 3458 697 3520; x_wconf 69' lang='lat' dir='ltr'><strong>unp.</strong></span> <span class='ocrx_word' id='word_1_425' title='bbox 714 3469 782 3522; x_wconf 75' lang='lat'>1,14.</span> <span class='ocrx_word' id='word_1_426' title='bbox 801 3456 844 3506; x_wconf 84' lang='lat' dir='ltr'><strong>Fr.</strong></span> <span class='ocrx_word' id='word_1_427' title='bbox 860 3458 921 3508; x_wconf 76' lang='lat' dir='ltr'><strong>Dos.</strong></span> <span class='ocrx_word' id='word_1_428' title='bbox 937 3471 971 3511; x_wconf 78' lang='grc'><strong>15.</strong></span> <span class='ocrx_word' id='word_1_429' title='bbox 986 3460 1018 3510; x_wconf 72' lang='grc' dir='ltr'><strong>Ι..</strong></span> <span class='ocrx_word' id='word_1_430' title='bbox 1033 3472 1066 3512; x_wconf 79' lang='lat' dir='ltr'><strong>ar.</strong></span> <span class='ocrx_word' id='word_1_431' title='bbox 1081 3462 1113 3511; x_wconf 87' lang='lat' dir='ltr'><strong>D.</strong></span> <span class='ocrx_word' id='word_1_432' title='bbox 1127 3462 1157 3511; x_wconf 81' lang='lat' dir='ltr'><strong>de</strong></span> 
     </span>
     <span class='ocr_line' id='line_1_43' title="bbox 210 3523 946 3597; baseline 0.01 -24"><span class='ocrx_word' id='word_1_433' title='bbox 210 3538 318 3574; x_wconf 85' lang='lat' dir='ltr'><strong>manum.</strong></span> <span class='ocrx_word' id='word_1_434' title='bbox 333 3532 388 3574; x_wconf 88' lang='lat' dir='ltr'><strong>test.</strong></span> <span class='ocrx_word' id='word_1_435' title='bbox 404 3523 450 3591; x_wconf 75' lang='grc'><strong>(10,</strong></span> <span class='ocrx_word' id='word_1_436' title='bbox 463 3523 495 3591; x_wconf 81' lang='grc'><strong>4).</strong></span> <span class='ocrx_word' id='word_1_437' title='bbox 516 3526 548 3575; x_wconf 83' lang='lat' dir='ltr'><strong>L.</strong></span> <span class='ocrx_word' id='word_1_438' title='bbox 563 3539 597 3578; x_wconf 86' lang='lat' dir='ltr'><strong>so.</strong></span> <span class='ocrx_word' id='word_1_439' title='bbox 619 3528 651 3577; x_wconf 87' lang='lat' dir='ltr'><strong>D.</strong></span> <span class='ocrx_word' id='word_1_440' title='bbox 667 3528 698 3577; x_wconf 84' lang='lat' dir='ltr'><strong>de</strong></span> <span class='ocrx_word' id='word_1_441' title='bbox 711 3528 766 3597; x_wconf 73' lang='lat' dir='ltr'><strong>iuer.</strong></span> <span class='ocrx_word' id='word_1_442' title='bbox 781 3530 840 3578; x_wconf 84' lang='lat' dir='ltr'><strong>inst.</strong></span> <span class='ocrx_word' id='word_1_443' title='bbox 856 3527 900 3593; x_wconf 78' lang='lat' dir='ltr'><strong>(es,</strong></span> <span class='ocrx_word' id='word_1_444' title='bbox 915 3528 946 3596; x_wconf 81' lang='grc'><strong>5).</strong></span> 
     </span>
    </p>
   </div>
   <div class='ocr_carea' id='block_1_9' title="bbox 0 0 1280 4000">
    <p class='ocr_par' dir='ltr' id='par_1_9' title="bbox 0 0 1280 4000">
     <span class='ocr_line' id='line_1_44' title="bbox 0 0 1280 4000; baseline 0 0"><span class='ocrx_word' id='word_1_445' title='bbox 0 0 1280 4000; x_wconf 95' lang='lat' dir='ltr'><strong> </strong></span> 
     </span>
    </p>
   </div>
  </div>
 </body>
</html>
