2550 4000
218 161 284 228 232
517 177 575 215 oen
592 177 685 215 meror.
705 160 740 214 Π.
759 165 873 217 tiu-te.

218 309 394 386 usucapiendi
414 312 456 366 lus
476 309 581 367 habeat.
631 305 682 366 50.
703 308 779 366 Unde
802 310 832 366 iu
851 307 935 365 relius
953 307 1100 366 mobilibus
1118 325 1183 366 non

219 393 297 452 facile
312 396 449 469 procedit,
464 401 496 454 ut
511 395 602 452 bouoe
617 396 688 465 fidei
697 397 862 467 possessori
875 395 1015 466 mucopro
1028 401 1182 466 competat,

220 479 284 552 quia
299 479 346 553 qui
361 477 473 536 alienam
488 494 544 536 rem
559 477 683 535 uendidit
705 485 734 534 et
749 476 873 547 tradidit,
894 476 1000 534 turtum
1012 478 1180 550 committit3

219 563 343 638 idemque
362 562 459 620 accidit
477 564 555 620 etiam
578 564 603 620 si
620 577 654 618 er
673 561 728 619 alio
748 575 830 620 cansa
855 560 987 618 tradatur.
1021 569 1066 617 set
1087 569 1182 617 tamen

221 647 273 706 hoe
292 647 436 722 aliquando
457 646 534 704 aliter
554 661 584 704 se
603 645 700 719 halet3
727 661 788 704 nam
814 645 839 700 si
861 644 945 702 heres
963 661 1021 702 rem
1046 644 1182 702 defuneto

220 731 416 788 commodatam
432 737 478 787 aut
500 730 615 788 locatam
630 729 675 786 uel
689 731 763 804 apud
780 745 843 786 eurr
857 728 1006 803 depositam
1021 730 1182 785 existimus

168 825 211 874 66.
223 831 280 871 eam
296 831 356 870 esse
372 807 578 892 herelditariam,
594 812 746 870 uendiderit
760 820 808 870 aot
821 811 975 882 domuerit,
995 812 1103 870 murm
1123 829 1182 868 non

221 900 379 962 commistim
399 899 464 954 item
478 899 502 953 si
522 899 562 968 is,
581 898 617 954 ad
629 913 709 970 wem
725 897 837 956 enulae
853 897 1029 954 ususfructus
1047 898 1181 971 pertinet,

221 975 543 1056 partum'euam1suum
568 997 628 1038 esse
647 981 761 1038 eredens
780 979 934 1038 uendidarit
956 989 1005 1039 aut
1023 980 1181 1050 domuerit,

223 1065 325 1124 lurtum
340 1081 397 1122 non
410 1067 570 1129 committit;
586 1065 697 1138 furtum
717 1066 789 1122 enim
802 1067 861 1122 eine
879 1064 977 1122 al'eetn
996 1063 1106 1122 iurandi
1124 1081 1182 1122 non

223 1151 411 1206 committitur.
441 1149 500 1208 aliis
516 1165 625 1224 quoque
641 1148 728 1206 modis
742 1147 863 1206 accidere
876 1157 983 1222 potest,
999 1157 1032 1207 ut
1044 1150 1107 1222 quis
1121 1150 1182 1205 sine

222 1235 290 1292 uitio
306 1233 372 1292 furti
386 1249 444 1290 rem
458 1233 572 1290 alienam
592 1232 625 1289 ad
640 1233 755 1306 aliquem
770 1231 914 1290 transferet
934 1241 962 1290 et
981 1231 1099 1304 efficiat,
1119 1240 1182 1290 uta

222 1333 384 1391 possessore
400 1319 581 1392 usucapiatur.
623 1313 663 1374 51.
686 1315 773 1373 Fundi
793 1331 904 1390 qnoque
924 1315 1006 1376 alieni
1023 1323 1121 1390 potest
1134 1315 1182 1372 ali-

224 1403 284 1474 quis
305 1403 364 1458 sine
385 1403 413 1456 ui
433 1401 633 1476 possessionem
654 1401 787 1470 naucum,
811 1398 883 1458 ’emo
902 1392 957 1457 eu²
978 1399 1024 1458 uel
1038 1416 1072 1456 ex
1086 1398 1181 1473 neple·

224 1485 317 1558 gentia
331 1483 430 1540 domini
446 1492 541 1556 uacet,
556 1483 601 1540 uel
617 1485 679 1556 quia
691 1483 818 1542 dominus
832 1485 893 1540 sine
906 1499 1067 1542 successore
1086 1483 1181 1540 deces-

224 1569 291 1624 serit
306 1567 352 1626 uel
366 1566 450 1640 longo
466 1575 589 1641 tempore
600 1567 714 1626 afuerit:
732 1561 848 1642 'prorem³
862 1568 888 1624 si
901 1567 934 1624 ad
949 1567 1030 1625 rhum
1044 1566 1118 1624 bona
1128 1565 1179 1622 lide

224 1653 398 1728 accipientem
412 1650 591 1724 transtulerit,
602 1653 704 1726 poterit
716 1668 866 1726 usucapere
876 1667 1036 1726 possessum
1047 1659 1076 1708 et
1087 1666 1179 1724 quam·

225 1738 268 1794 uis
287 1738 364 1812 ipse,
384 1737 431 1810 qui
450 1745 590 1792 uacantem
612 1737 814 1810 possessiouem
833 1744 930 1794 nactus
950 1743 1004 1806 est,
1026 1734 1178 1809 intellegat,

225 1820 342 1878 alienum
357 1834 417 1880 esse
431 1818 560 1890 fundum,
573 1824 669 1878 tomen
682 1819 751 1877 uilail
769 1820 824 1878 ltoc
838 1821 930 1878 bom
942 1820 1013 1892 fidei
1023 1819 1180 1892 possessori

225 1903 258 1960 ad
277 1904 472 1976 usucapionem
492 1911 586 1972 nocet,
601 1898 694 1977 (cum)
707 1904 849 1977 inprobata
863 1906 900 1962 sit
920 1919 1016 1960 eorum
1035 1903 1179 1974 sententia7

226 1987 272 2063 qui
288 1989 456 2061 putruerint,
471 1986 604 2047 furtiuum
619 1986 734 2063 landum
749 1986 808 2045 fieri
821 2004 915 2063 posse.

288 2068 334 2131 52.
358 2072 464 2129 Rursus
480 2088 512 2129 ex
527 2074 663 2130 contrario
678 2072 786 2142 accidit,
800 2081 832 2130 ut
846 2074 894 2147 qui
903 2073 981 2144 sciat,
995 2072 1109 2130 alienam
1123 2088 1178 2128 rem

226 2174 255 2214 se
270 2156 423 2231 possidere,
439 2158 586 2231 usucapiat,
610 2156 687 2214 uelut
701 2158 724 2213 si
738 2172 795 2214 rem
810 2156 1009 2227 hereditariam,
1023 2158 1101 2213 ouius
1116 2172 1177 2230 pos·

225 2243 374 2298 sessionem
389 2242 468 2297 heres
483 2241 604 2297 nondum
617 2248 714 2297 nactus
728 2247 786 2312 est,
806 2240 902 2313 aliquis
916 2233 1101 2315 postlimini
1118 2255 1176 2297 nam

226 2326 252 2380 ei
266 2340 425 2380 eoncessum
437 2320 490 2399 (est
510 2323 684 2397 usu)eapere,
699 2325 723 2379 si
736 2323 818 2381 modo
833 2339 864 2379 ea
877 2339 922 2387 res
934 2331 985 2396 est,
1000 2336 1071 2399 qnae
1084 2322 1179 2398 recipit

227 2409 434 2481 usucapionem,
460 2422 529 2481 quae
556 2408 660 2480 species
680 2408 864 2480 possessionis
890 2416 918 2465 et
937 2408 1109 2482 usucapionis
1129 2422 1178 2482 pro

227 2490 327 2547 herede
349 2497 472 2549 uocatur.
522 2485 569 2547 53.
593 2488 626 2545 Et
646 2492 674 2547 in
694 2498 801 2548 tantum
821 2492 887 2549 haec
906 2492 1036 2566 usucapio
1051 2506 1229 2557 concessuros]

174 2582 217 2632 67.
229 2583 283 2643 est,
300 2567 305 2651 Ι
324 2581 356 2631 ut
378 2582 406 2631 et
427 2590 487 2645 res,
510 2590 578 2648 quae
599 2574 660 2631 solo
682 2576 866 2647 continentur,
889 2592 958 2632 anno
977 2578 1178 2650 usucapiantur.

227 2690 440 2701 -ι-ι-υι-ι-ρ-

301 2759 321 2829 ¹)
336 2768 360 2811 et
372 2759 465 2813 Sched.
485 2762 553 2811 unde
569 2762 654 2825 suerit
668 2761 699 2809 ei'
714 2782 748 2802 =
763 2760 822 2810 eius.
889 2756 910 2827 ¹)
925 2776 985 2825 quae
1002 2761 1027 2811 0.
1047 2762 1107 2827 Dip.
1122 2763 1175 2813 edd.

227 2840 418 2899 repraeter.
479 2828 559 2898 ⁸)an
576 2830 667 2881 doech.
683 2834 715 2893 ej.
731 2845 747 2879 o
763 2832 789 2880 0.
803 2844 857 2880 nam
870 2830 928 2881 edd.
993 2828 1015 2898 ⁴)
1030 2830 1076 2883 Es
1088 2831 1176 2883 Soleo

228 2906 304 2953 etiam
323 2900 372 2953 Vre
384 2910 410 2953 et
422 2902 471 2967 Bp.
486 2903 526 2952 ed.
540 2913 561 2954 e.
580 2902 716 2967 possederit
731 2902 769 2951 ed.
785 2916 840 2951 meo
854 2903 942 2966 primo
955 2910 981 2951 et
993 2902 1067 2952 Stud.

228 3010 441 3019 ——u—

149 3141 151 3145 Ι
300 3073 326 3145 ξ
342 3080 384 3129 50.
400 3098 433 3119 =
448 3080 471 3140 ἓ.
486 3090 498 3129 a
516 3079 580 3128 med.
600 3106 633 3115 -
653 3080 676 3140 ξ.
691 3090 711 3129 e.
726 3077 750 3127 1.
764 3077 798 3129 ib.
823 3078 861 3143 Os.
881 3078 914 3128 L.
932 3090 966 3130 es.
989 3078 1023 3127 D.
1042 3078 1075 3128 de
1093 3094 1176 3143 usurp.

229 3146 274 3213 (41,
289 3146 320 3213 e).
335 3148 423 3196 lurtum
437 3162 484 3196 non
498 3162 583 3197 comm.
599 3176 633 3185 -
648 3145 814 3215 committitur]
830 3170 864 3191 =
878 3149 910 3198 L.
925 3160 951 3200 at
961 3165 1006 3213 pr.
1025 3148 1059 3197 D.
1073 3150 1128 3199 eod.

229 3216 255 3287 ξ.
272 3220 315 3269 51.
332 3217 408 3269 tundi
420 3244 448 3254 -
461 3216 558 3285 aluerit]
574 3240 608 3261 =
622 3219 654 3268 l..
669 3230 703 3270 et.
718 3221 742 3280 §-
757 3232 778 3269 1.
792 3219 825 3268 D.
841 3218 874 3269 ib.
896 3220 933 3283 Cf.
948 3222 971 3282 ὅ.
986 3230 1007 3271 t.
1026 3218 1096 3269 Lde
1110 3235 1175 3269 usuc.

229 3290 261 3356 (e,
276 3288 307 3357 e).
327 3288 360 3339 L.
375 3300 408 3341 ee.
424 3287 456 3337 D.
472 3288 527 3338 eod.
547 3286 703 3357 luminant]
721 3290 759 3353 Cf.
780 3288 842 3340 dett.
859 3302 940 3350 11,18.
1003 3286 1029 3359 ξ.
1045 3292 1087 3341 52.
1108 3290 1143 3353 Cf.
1157 3302 1176 3349 e,

229 3372 277 3413 201.
296 3360 329 3411 L.
344 3371 378 3413 ie.
393 3358 426 3408 D.
442 3359 473 3409 de
488 3374 576 3423 usurp.
592 3358 679 3425 (113).
699 3359 769 3410 Plio.
783 3376 823 3425 ep.
838 3371 859 3420 5,
874 3374 894 3411 1.
909 3363 932 3423 ὅ.
942 3372 975 3411 10.
1026 3356 1071 3429 ἕξ.
1083 3362 1123 3413 53.
1136 3362 1173 3411 ol.

231 3431 270 3494 Cf.
287 3432 339 3483 Cic.
351 3446 403 3495 pro
419 3430 515 3480 Flacco
530 3442 563 3481 ee.
583 3430 618 3479 ad
631 3430 711 3479 Auia.
727 3443 748 3491 1,
761 3442 783 3484 5.
798 3434 822 3493 §-
837 3443 858 3483 e.
880 3430 969 3481 Seuec.
984 3432 1016 3480 de
1031 3431 1111 3495 benef.
1124 3444 1143 3491 e,
1154 3442 1173 3483 t.

187 3536 189 3540 -
230 3502 253 3562 §-
268 3512 288 3552 e.
305 3528 339 3539 -
354 3516 435 3564 supro
450 3501 486 3550 ud
498 3502 521 3562 §-
535 3511 570 3550 41.
586 3502 629 3549 cit.
