2550 4000
202 235 265 302 166
637 253 725 288 curs.

198 374 1155 521 attaminarentur

198 509 1155 654 vertantrnfflstantneteeea,aare

198 595 418 726 ¹ettrutollatione,
438 661 472 700 ex
484 645 646 724 Alariciaua
656 645 795 722 Epitoma,
814 618 937 721 deniqne
953 660 989 697 ex
1005 641 1155 720 Iustiniani

199 712 426 794 tinstitutionibus
452 713 482 766 et
503 711 626 789 Digestis
652 715 747 780 potuit
771 727 913 775 resarciri,
938 713 1000 764 tum
1025 712 1154 777 repetitis

200 797 324 836 virorum
342 779 489 834 doctorum
506 795 579 834 curn
597 778 729 832 effectum
746 781 799 843 est,
817 779 924 832 utiam
940 779 971 830 in
987 780 1085 832 nostra
1095 777 1154 829 edi·

198 849 275 902 tione
293 862 349 902 nou
368 847 487 901 multum
505 846 579 900 ultra
599 845 783 902 tredecimam
823 848 915 900 artem
935 845 1039 914 integri
1060 843 1155 910 operis

199 913 382 1050 gizidtelrgtur,
394 914 473 970 cuins
485 915 609 968 iectiuae
622 930 711 982 paene
724 864 871 967 dimistinm
882 914 995 982 spectat
1005 911 1154 965 adlibrum
1262 920 1264 987 ἐ

266 1065 429 1122 Editionum
438 1065 559 1120 indicem
568 1066 816 1131 accuratissimum,
825 1065 931 1120 additis
939 1066 1026 1119 etiam
1034 1065 1153 1118 aliarum
1164 1069 1208 1118 [⁹⁹]

200 1134 467 1190 commentationum
480 1133 579 1199 titulis,
596 1149 668 1201 quae
687 1133 724 1186 ad
741 1133 932 1187 emendandas
949 1133 995 1186 vei
1012 1132 1154 1186 illustran-

200 1200 250 1258 das
263 1199 326 1256 Gaii
338 1202 532 1256 Institutiones
550 1200 665 1265 faciunt,
683 1199 873 1277 Boeckingius
890 1199 1012 1254 confecit
1027 1200 1058 1252 in
1094 1213 1154 1251 rae·

200 1268 305 1324 satione
328 1285 396 1326 suae
420 1268 567 1334 editionis,
610 1284 648 1321 ua
669 1269 713 1321 ter
734 1269 857 1335 repetita
875 1269 1061 1334 (postremum
1103 1265 1154 1333 ‘ps

203 1339 285 1402 isto.)
308 1336 368 1406 ipse
391 1337 426 1390 de
445 1334 516 1390 Gaio
540 1335 570 1390 ct
587 1285 702 1412 gaianis
720 1335 821 1388 studiis
843 1335 951 1411 optime
968 1334 1085 1387 meritus
1103 1341 1155 1386 cst.

201 1401 278 1468 Quae
296 1405 361 1472 poet
377 1403 451 1458 hanc
469 1403 529 1457 sola
545 1401 659 1470 produt,
671 1402 778 1456 inserta
795 1402 1020 1455 ‘institutionum
1032 1402 1062 1454 et
1073 1416 1154 1468 regu-

200 1469 290 1524 larum
312 1469 379 1524 iuris
401 1469 480 1525 ttoni.
504 1469 699 1538 syntagmati²,
726 1469 836 1523 ettad.
858 1468 960 1523 Gneist
985 1468 1058 1536 Lips.
1082 1471 1155 1520 1858.

201 1536 286 1604 edito,
305 1552 357 1606 pro
374 1537 462 1591 totius
480 1538 562 1604 synta
612 1537 665 1590 atis
682 1535 792 1589 ratione
804 1537 948 1603 ceteroqui
960 1550 1034 1588 novo
1046 1551 1079 1587 ac
1090 1549 1155 1586 con-

201 1604 275 1658 sulto
290 1604 407 1660 consilio
420 1603 550 1669 instituti,
562 1553 821 1680 ieteoneslmcga(
840 1604 926 1681 actim
938 1603 1024 1670 bene)
1037 1601 1156 1655 selectae

201 1685 286 1795 gueni
299 1687 386 1726 novae
397 1673 529 1740 praestet,
560 1670 601 1725 Ex
614 1686 789 1738 eupenornm
802 1621 958 1724 cimonem
969 1684 1086 1722 numero
1097 1669 1157 1720 tres

227 1739 428 1804 oeschenanae,
448 1753 520 1806 quae
539 1740 640 1793 ceteris
658 1738 798 1804 omnibus,
817 1737 922 1792 codicis
938 1737 1076 1805 scriptura
1092 1734 1156 1786 dili-

201 1807 301 1887 genter
320 1808 443 1872 enotata,
461 1805 540 1874 quasi
558 1804 743 1882 fundamenta
759 1807 860 1870 iecere,
878 1820 958 1873 segre
974 1873 980 1882 ι
997 1803 1068 1881 udae
1080 1800 1156 1879 suut,

202 1869 1157 2021 etartntetaitt,retiae-testerstratheren

201 2008 307 2079 produt
324 2024 348 2063 a.
369 2014 457 2074 litia,
476 2009 504 2061 et
521 2010 620 2074 tertia,
643 2009 708 2076 post
725 2006 881 2061 Goescheni
903 2005 1010 2059 obitum
1034 2001 1156 2057 abach·

202 2091 304 2131 manno
323 2091 347 2132 a.
369 2080 441 2131 1842.
459 2077 660 2129 consummata.

269 2160 312 2217 Ad
325 2161 483 2231 postremae
496 2174 622 2215 normam
634 2162 731 2213 nostra
742 2175 854 2227 quoque
866 2158 954 2211 editio
965 2156 1095 2210 instituta
1103 2162 1154 2219 est,

200 2230 242 2285 ita
258 2230 354 2308 tamen
372 2228 404 2281 ut
421 2228 506 2281 etiam
519 2226 642 2304 Boeckin
665 2227 745 2281 ianae
757 2225 933 2290 novissimae,
946 2240 1018 2292 qnae
1031 2222 1157 2300 omnium

201 2292 1158 2487 {retentationedisterianae„tuumne

225 2430 321 2485 hortae
341 2428 511 2498 parcendum
530 2432 598 2483 erat.
634 2429 733 2496 Itaque
756 2426 888 2488 levicula,
913 2442 969 2491 quo
991 2443 1021 2477 m
1040 2438 1157 2477 numero

202 2500 323 2553 maxime
342 2495 378 2551 ad
396 2496 622 2565 orthographiam
641 2493 813 2564 pertinentia
830 2495 907 2554 sunt,
932 2493 1017 2546 tacite
1036 2491 1159 2545 correxi·

202 2582 277 2627 niue,
297 2562 343 2619 vel
360 2564 436 2633 quod
452 2563 481 2617 in
500 2579 529 2617 re
548 2564 696 2630 tantopere
714 2564 750 2616 ab
769 2561 885 2614 arbitrio
924 2559 1044 2613 endeute
1062 2557 1157 2611 dicere

202 2632 337 2703 praestet,
360 2628 537 2685 mutavimus.
572 2630 723 2683 Praeterea,
744 2628 774 2681 in
796 2578 930 2681 contextis
952 2626 1052 2680 litteris
1074 2624 1158 2677 rectis

204 2698 398 2769 expreeeimue,
418 2698 536 2766 quaein
555 2696 650 2751 codice
667 2695 813 2765 leguntur,
830 2694 986 2756 inclinatis,
1004 2707 1076 2761 quae
1094 2708 1160 2759 sup·

202 2766 281 2889 fleta
302 2765 347 2821 vel
360 2766 469 2819 niutata
481 2766 552 2818 eunt.
584 2763 719 2817 Stellulae
731 2762 851 2816 totidem
868 2761 1028 2830 significant
1038 2758 1158 2823 litterae,

214 2834 304 2899 ineee,
324 2832 346 2887 si
365 2832 507 2887 breviores
519 2832 591 2894 sunt,
609 2831 732 2898 syllabas
743 2830 829 2883 trium
841 2828 900 2883 fere
912 2829 1080 2889 litterarum,
1097 2825 1159 2877 lou-

202 2902 294 2971 giores
317 2900 485 2977 interposito
508 2915 534 2951 v.
557 2900 631 2951 totos
654 2913 763 2975 versus,
791 2896 840 2973 qui
862 2911 915 2949 nec
937 2895 996 2971 legi
1016 2909 1069 2947 nec
1094 2893 1159 2945 tuto

202 2964 736 3157 girataithttthhanat
751 2962 1161 3106 initiarentur

223 3105 295 3157 itum
305 3102 337 3157 ‘t
347 3110 379 3155 ιθ
391 3101 502 3169 spectet
513 3098 549 3152 ad
558 3102 602 3152 ter
611 3100 730 3167 scriptas
738 3097 926 3162 (Goeschenor
939 3096 983 3149 bis
991 3111 1075 3149 rescn
1095 3095 1161 3154 tae).

203 3170 296 3227 Etiam
314 3184 408 3224 versus
426 3166 528 3221 codicis
546 3167 730 3235 distinguere,
754 3165 807 3218 uisi
829 3164 879 3218 ubi
895 3164 1039 3228 intererat,
1057 3162 1068 3214 i
1105 3161 1161 3223 eet,

203 3238 252 3295 ubi
274 3251 349 3291 nove
370 3234 509 3305 quaedam
532 3234 569 3289 ad
591 3233 757 3287 schedarum
779 3232 880 3285 ductus
903 3230 1103 3299 supplevimus,
1126 3230 1164 3279 nt

204 3306 324 3361 otiosum
342 3318 397 3358 non
415 3301 531 3371 placuit.
559 3301 591 3355 In
604 3301 703 3354 critica
714 3298 918 3354 adnotationei
939 3312 984 3351 scs
995 3296 1164 3349 schedarum

204 3373 305 3427 ductus
323 3371 534 3449 repraesentare
547 3369 627 3421 initio
640 3367 854 3429 constitueram
873 3381 903 3419 se
934 3380 1001 3418 mox
1013 3362 1164 3436 consilium

204 3436 378 3494 difficultatis
398 3436 513 3505 plenum
536 3436 626 3489 abieci
650 3435 771 3489 maxime
792 3436 944 3502 postquam
961 3429 1162 3491 animadvertl,

205 3501 777 3639 aetarnddrnirarnri
789 3500 1014 3621 dindimi?
1027 3494 1165 3630 iiiiii
