2550 4000
404 229 465 264 oum
483 229 579 268 rusmr.
598 212 619 264 I.
641 217 751 267 14-19.
997 214 1058 278 175

86 387 185 427 noxam
214 373 337 446 quaestio
360 375 506 430 tormentis
529 371 618 428 habita
646 373 696 442 sit,
727 373 804 428 etin
828 388 859 429 ea
881 389 952 429 nora
974 373 1058 430 inisse

87 457 206 513 conuicti
221 461 286 529 sint,
303 457 394 531 'quiue
410 451 468 537 (nt)
485 450 548 513 aut¹
566 457 640 512 ierro
663 465 710 511 aut
725 474 786 513 oum
808 456 903 514 bestiis
918 458 1059 533 depugna·

86 549 160 613 rent,
178 541 269 597 traditi
283 544 349 612 sint,
370 545 435 599 inuc
450 542 543 598 ludum
559 541 747 598 custodiamue
762 543 879 600 coniecti
895 542 1008 615 luerint,
1030 550 1058 598 et

86 634 183 700 postea
194 625 239 682 uel
251 628 283 682 ab
296 628 392 684 eodem
405 628 514 684 domino
527 627 571 682 uel
585 625 616 681 air
625 625 678 682 alio
685 629 853 698 manumissi,
867 627 987 683 eiusdem
995 643 1059 683 cou-

86 710 203 768 dicionis
215 710 292 767 liberi
309 709 390 784 liant,
409 714 485 769 cuius
498 711 666 768 condicionis
680 721 746 767 sunt
760 706 913 786 peregrini²
928 712 1058 769 dediticii.
1130 752 1134 756 -

151 796 182 852 V·
226 807 261 856 lle
289 809 422 871 peregrinis
450 807 581 857 dediticiis.
624 793 671 853 14.
696 797 834 852 Vocantur
861 804 951 852 aulem
979 812 1060 870 pere·

86 881 159 954 griui
180 880 299 938 dediticii
325 883 367 953 hi,
392 884 437 955 qui
459 881 596 956 quondam
612 881 748 945 aduersus
760 881 892 955 populum
907 881 1058 941 Romanum

86 967 169 1025 armis
190 969 325 1040 susceptis
346 975 540 1041 pugnauerunt
555 965 591 1022 'et
615 965 712 1022 deindo
732 959 818 1022 ulcti³
838 983 868 1022 se
883 965 1056 1023 dediderunt.

84 1045 130 1107 16.
146 1049 233 1106 Huius
249 1068 316 1124 ergo
334 1052 509 1126 turpitudinis
525 1066 622 1107 seruos
640 1067 812 1124 quocumque
823 1051 906 1107 modo
923 1058 949 1106 et
965 1052 1057 1106 cuius-

85 1151 203 1208 cumque
215 1138 311 1192 aetatis
323 1139 514 1207 manumissos,
530 1136 581 1192 etsi
593 1136 675 1210 pleno
688 1137 748 1191 iure
759 1137 932 1192 dominorum
944 1134 1057 1208 iueriut,

84 1237 232 1294 numquam
255 1230 301 1278 aut
324 1223 399 1277 ciues
413 1222 549 1278 Romanos
573 1230 619 1276 eut
641 1220 752 1277 Latinos
775 1219 834 1276 lieri
856 1221 988 1291 dicemus,
1008 1219 1058 1275 sed

87 1304 244 1362 omnimodo
261 1305 448 1362 dediticiorum
464 1321 578 1361 numero
596 1306 728 1362 constitui
741 1305 944 1379 intellegemus.

16 1399 75 1455 [1041
150 1384 196 1446 16.
220 1389 249 1445 Si
264 1406 331 1446 uero
347 1391 374 1446 in
390 1391 464 1446 nulla
479 1390 526 1447 tali
543 1389 712 1465 turpitudine
728 1391 764 1446 sit
778 1407 886 1462 seruus,
908 1389 1058 1446 manumis-

85 1491 147 1530 sum
169 1474 252 1530 modo
275 1476 362 1531 ciuem
385 1475 549 1546 Romanum,
578 1476 660 1531 modo
683 1474 807 1530 Latinum
835 1473 893 1531 lieri
916 1467 1056 1552 diceimus.
1070 1482 1095 1530 4.

85 1555 130 1617 lt.
153 1559 217 1614 llam
232 1561 260 1615 in
276 1561 352 1616 cuius
368 1575 485 1634 persona
509 1561 560 1616 tria
582 1561 651 1616 haec
672 1567 851 1632 concurrunt,
874 1568 905 1615 ut
920 1560 1006 1615 maior
1020 1560 1058 1614 sit

84 1660 218 1701 annorum
239 1645 363 1718 triginta,
386 1653 414 1701 et
436 1662 469 1701 ex
491 1646 551 1700 iure
573 1643 718 1712 Quiritium
741 1645 860 1715 domini,
884 1653 911 1700 et
933 1645 1004 1700 iusta
1027 1660 1058 1700 ac

84 1729 207 1802 legitima
230 1731 443 1785 manumissione
458 1728 598 1800 liberetur,
615 1729 642 1785 id
659 1737 701 1786 est
717 1729 836 1786 uindicta
852 1737 899 1784 aut
910 1745 995 1785 censu
1011 1736 1058 1785 aut

85 1821 261 1886 testamento,
282 1814 306 1870 is
326 1816 393 1870 ciuis
408 1816 544 1872 Romanus
567 1813 613 1884 fit3
636 1816 679 1871 sin
694 1831 761 1871 uero
777 1813 879 1888 aliquid
896 1829 990 1870 eorum
1011 1812 1058 1868 de·

84 1900 155 1970 erit,
170 1898 282 1955 Latinus
298 1901 360 1960 erit.
1014 1874 1041 1974 Ι.

148 1983 180 2041 V.
216 1994 250 2043 ile
283 1992 485 2046 manumissione⁴
517 1996 555 2047 uel
589 2012 676 2047 causae
709 1998 860 2060 probatione.
905 1983 950 2043 18.
980 1980 1056 2051 Quod

34 2130 38 2139 ¹
84 2076 177 2123 autem
207 2068 241 2124 de
268 2077 357 2125 aetate
380 2072 453 2126 serui
474 2068 641 2143 requiritur,
668 2073 730 2144 lege
753 2072 827 2127 delia
849 2072 942 2127 Sentia
971 2071 1057 2125 intro·

85 2152 198 2208 ductum
222 2160 272 2212 est.
309 2170 369 2209 nam
385 2171 415 2210 ea
437 2154 479 2211 lex
498 2156 616 2210 minores
637 2174 701 2213 xxx
729 2172 862 2211 annorum
884 2151 981 2211 seruos
1001 2169 1057 2208 non

37 2246 40 2251 ·
83 2237 165 2293 aliter
179 2237 268 2294 uoluit
283 2240 463 2295 manumissos
473 2241 546 2296 ciues
557 2237 694 2296 Romanos
709 2237 779 2309 sieri,
796 2256 875 2313 quam
892 2241 915 2295 si
929 2237 1057 2310 uindicta,

84 2320 157 2395 apud
172 2322 315 2380 consilium
336 2324 408 2379 iusta
424 2339 504 2381 causa
520 2326 739 2381 manumissionis
761 2323 927 2398 adprobata,
949 2321 1057 2379 liberati

84 2406 198 2464 luerint.
241 2405 287 2466 19.
311 2406 384 2465 iusta
405 2418 494 2465 autem
515 2426 595 2466 causa
617 2410 836 2466 manumissionis
858 2417 901 2465 est
923 2407 1008 2464 ueluti
1033 2408 1058 2463 si

86 2493 147 2566 quis
172 2490 257 2548 illium
282 2491 401 2550 iiliamue
427 2503 474 2551 aut
499 2494 609 2550 iratrem
636 2511 796 2551 sororemue
819 2494 987 2566 naturalem,
1011 2500 1058 2547 aut

161 2658 181 2729 1)
196 2663 284 2727 quique
299 2670 340 2712 ent
356 2662 380 2713 0.
395 2664 483 2728 quique
498 2671 523 2713 ut
532 2665 589 2716 edd.
600 2665 674 2730 quiue
688 2672 716 2713 nt
726 2664 879 2716 exGoesci.
889 2666 921 2727 cJ'.
932 2663 971 2712 ed.
981 2660 1056 2710 saed.

86 2728 108 2798 ¹)
128 2733 216 2783 Erant
230 2736 296 2783 enim
310 2736 388 2784 etiam
406 2735 511 2799 qnidam
526 2737 595 2785 eines
614 2737 742 2796 dediticii,
762 2738 831 2785 uelut
849 2737 909 2785 oiim
926 2733 1057 2796 Campani.

87 2800 110 2871 ⁸)
119 2804 166 2855 Sic
176 2804 307 2856 Goescitcn
317 2814 343 2856 et
356 2804 384 2854 V
381 2802 409 2866 ¹²,
420 2823 570 2872 quamquam
581 2815 604 2857 et
614 2823 707 2858 errore
712 2807 850 2871 perducto.
866 2805 952 2854 deinde
962 2811 990 2852 nt
999 2803 1058 2851 uicti

85 2884 142 2925 sunt
155 2877 187 2925 de
201 2876 306 2927 beelim
322 2879 353 2940 φ’.
368 2879 407 2928 ed.
421 2877 468 2943 Bp.
488 2879 574 2927 deinde
591 2886 675 2928 antem
694 2881 757 2944 (pro
772 2884 796 2926 et
811 2875 909 2943 deinde)
923 2875 963 2925 ed.
978 2873 1027 2938 Bp.
1038 2883 1057 2923 5.

86 2943 109 3013 ⁴)
124 2946 200 2997 Haec
213 2950 353 3011 inscriptio
364 2950 481 3013 fortasse
491 2951 651 3014 proditorem
661 2952 887 3014 particuloeutem
898 2947 933 3011 (i.
944 2942 1057 3010 minii),

85 3018 211 3069 hocloco
230 3022 258 3069 in
275 3020 300 3071 0.
319 3021 458 3083 excidisse,
478 3037 543 3086 qnae
563 3022 594 3071 de
609 3023 809 3073 manumissione
823 3020 949 3079 uindicta,
969 3032 1056 3076 censu,

86 3096 236 3140 testamento
258 3090 340 3141 Gaius
359 3100 386 3141 nt
409 3091 464 3156 Uip.
483 3095 507 3151 1,
528 3096 597 3141 7-9
614 3095 672 3142 eine
691 3092 769 3143 dnbio
789 3095 863 3143 eirea
882 3092 985 3141 initiam
1003 3105 1057 3139 mc-

86 3162 172 3211 teriae
190 3163 318 3225 esposuit.
359 3163 396 3228 Os.
414 3166 442 3222 1,
461 3166 516 3214 126.

160 3324 183 3396 ξ.
199 3330 239 3379 14.
265 3330 301 3393 Cf.
316 3329 347 3379 E.
357 3330 480 3381 Huschke
493 3331 589 3381 Census
602 3348 626 3383 u.
637 3330 795 3394 Steueroers.
801 3347 828 3394 p.
839 3343 877 3381 162
886 3346 937 3394 seq.
973 3324 999 3394 ἕ
1017 3328 1057 3376 15.

88 3399 126 3463 Os.
146 3401 184 3461 ξς.
199 3412 231 3451 rr.
246 3410 278 3452 ea.
315 3396 339 3467 §-
356 3402 395 3451 16.
413 3401 449 3464 Of.
470 3401 514 3451 Fr.
534 3402 635 3453 Dositie
656 3412 676 3452 5.
697 3414 730 3454 1s.
768 3398 792 3470 5.
809 3405 849 3453 tt.
872 3402 909 3465 Of.
937 3398 991 3461 Uip.
1002 3409 1023 3457 1,
1037 3408 1056 3448 a.

86 3483 119 3521 1o.
135 3483 168 3521 12.
184 3483 217 3522 rc.
236 3472 268 3520 L.
285 3484 317 3523 11.
336 3470 360 3523 0.
370 3472 402 3520 de
417 3480 467 3522 act.
483 3476 559 3536 empti
574 3471 661 3539 (ως).
699 3468 723 3540 ξ.
740 3474 780 3523 18.
796 3473 833 3536 Os.
853 3472 907 3535 iltp.
922 3480 991 3528 1,1a.
1013 3468 1057 3519 Fr.

87 3543 188 3595 Dositi.
200 3554 231 3595 1³.
249 3543 299 3594 Cic.
311 3558 363 3606 pro
373 3542 456 3593 Balbo
465 3555 486 3594 a.
501 3544 528 3595 L.
538 3557 564 3596 1o
574 3561 619 3608 pr.
630 3545 663 3593 1),
678 3545 710 3595 de
719 3560 828 3594 menum.
841 3543 911 3595 vind.
924 3541 968 3606 (io,
979 3539 1009 3602 2).
1023 3540 1055 3588 l..

86 3626 121 3667 27.
131 3613 162 3665 D.
173 3616 205 3664 de
214 3630 324 3665 mannan.
336 3622 392 3665 test.
404 3612 448 3679 (to,
459 3611 490 3680 t).
515 3616 565 3677 lege
580 3616 645 3664 delia
659 3610 753 3681 Sentis]
768 3631 791 3664 o.
801 3626 821 3664 e.
850 3610 927 3681 519.
945 3613 981 3674 Cf.
992 3613 1014 3672 §-
1024 3622 1058 3660 eo.
