2550 4000
436 228 495 264 oen
513 229 605 265 rusum.
623 211 663 265 IV
664 251 671 264 .
690 217 733 266 60.
990 212 1054 278 36⁵(

102 357 228 432 singulos
250 373 360 432 quoque
385 359 496 415 emisse:
523 359 605 432 idque
625 361 662 416 ita
683 361 803 417 maxime
828 360 946 417 Labeoni
968 362 1055 420 uisum

103 449 153 498 est.
198 441 247 498 sed
269 444 293 497 si
314 443 349 512 is,
365 443 411 514 qui
426 458 509 498 unum
523 445 627 515 emerit,
647 443 681 500 de
703 443 810 501 duobus
832 445 935 519 egerit,
957 444 1056 502 tarsum

100 526 280 582 demonstret.
309 525 380 581 idem
395 533 423 582 et
438 527 465 582 io
480 527 538 584 eliis
553 527 704 584 actionibus
725 537 778 600 est,
794 528 869 585 uelut
885 529 1055 594 commodati,

102 609 231 683 depositi.
276 605 327 668 60.
350 609 403 666 Sed
423 627 474 666 nos
495 613 569 685 opud
588 612 718 686 quosdam
741 614 870 689 seriptum
891 614 1055 685 inuenimus‚

102 694 130 748 in
156 695 264 750 actione
286 689 419 767 depositi¹
442 704 470 751 et
491 695 607 769 denique
629 698 657 752 io
680 697 778 755 ceteris
801 696 935 767 omnibus,
958 697 1055 770 quibus

102 776 244 834 damnatus
272 779 459 852 unusquisque
487 780 634 852 ignominia
663 787 789 851 notetur,
818 796 894 852 euni,
922 783 968 854 qui
993 781 1055 854 pius

103 878 184 934 quem
207 869 348 935 oporteret
370 861 606 935 demonstrnuerit‚
628 862 705 920 litem
720 865 843 938 perdere,
864 864 941 920 uelut
956 865 978 919 si
995 867 1056 937 quis

102 961 155 1001 uno
177 962 207 1001 re
231 945 355 1019 deposita
381 945 447 1002 duas
475 941 633 1021 ’pluresue²
656 941 845 1026 (de)posuisse
865 942 925 1024 (se)
946 947 1056 1005 demon·

101 1031 241 1101 strauerit,
257 1039 304 1085 eut
318 1032 341 1086 si
356 1031 390 1101 is,
402 1031 444 1086 cui
459 1048 554 1105 pugno
568 1031 636 1088 mola
652 1040 841 1106 percussisset,
857 1033 1002 1089 inustione
1016 1034 1057 1090 in·

101 1114 230 1169 iuniorum
246 1115 325 1198 etiurp
342 1113 418 1170 elium
432 1124 538 1188 partem
558 1119 681 1189 eorporis
702 1132 857 1190 percussam
878 1117 927 1172 sibi
942 1115 1055 1172 demon·
1137 1169 1142 1178 ,

101 1199 246 1253 strnuerit:
269 1198 341 1271 quod
364 1215 397 1254 sn
413 1198 558 1256 debeamus
577 1200 688 1256 eredere
705 1201 797 1256 uerius
812 1215 883 1270 esse,
898 1199 1055 1272 diligentius

101 1282 282 1356 requiremus.
312 1290 385 1338 certe
400 1298 461 1338 curn
473 1283 541 1338 duae
556 1284 611 1339 sint
622 1283 739 1357 depositi
755 1281 895 1346 formulae,
907 1282 957 1338 etia
971 1285 999 1340 in
1013 1285 1055 1340 ius

101 1372 245 1438 concepto,
261 1365 311 1422 alia
326 1367 354 1421 in
370 1365 480 1436 iactum,
496 1368 567 1424 sieut
581 1384 663 1440 sopra
679 1384 788 1441 quoque
803 1369 966 1439 notauimus,
986 1376 1013 1423 et
1027 1369 1056 1424 in

102 1464 134 1504 ee
149 1449 258 1521 quidem
273 1449 399 1522 formula,
414 1444 511 1524 'quee³
531 1452 558 1506 in
573 1452 616 1506 ius
630 1460 761 1525 conseptu
777 1459 829 1521 est,
849 1452 926 1506 initio
941 1467 1001 1523 res,
1023 1451 1055 1508 de

101 1549 157 1605 qua
172 1534 270 1607 egitur,
285 1533 514 1606 ¹demonstretur,
535 1535 625 1591 idest
647 1534 728 1591 modo
749 1526 938 1607 designetur.⁴
960 1535 1056 1592 deinde

100 1616 235 1672 inseretur
248 1619 315 1673 iuris
331 1620 471 1675 eontentio
488 1618 529 1674 his
546 1617 650 1675 uerbis:
675 1635 829 1684 ovroovm
845 1635 884 1677 on
906 1635 971 1676 aare
991 1637 1056 1677 neu

101 1700 212 1759 'muru
226 1718 292 1758 rum
305 1719 390 1760 nune
411 1717 533 1762 rucene
554 1718 712 1774 OPORTET,
733 1704 762 1759 in
784 1719 814 1759 ea
835 1719 918 1774 uero,
940 1719 1007 1777 quae
1028 1705 1056 1758 in

101 1783 203 1841 iactum
218 1795 351 1859 concepta
367 1793 420 1856 est,
435 1788 529 1844 statim
545 1787 622 1842 initio
645 1787 805 1843 intentionis
825 1784 877 1841 ulio
898 1786 979 1842 modo
999 1803 1054 1855 res,

34 1868 135 1926 [2861de
150 1885 204 1942 qua
219 1872 319 1945 agitur,
336 1869 495 1945 designetur
509 1871 551 1925 his
566 1869 670 1926 uerbis:
694 1886 724 1928 sr
739 1885 840 1928 runnu
861 1885 959 1928 rnuuu
972 1882 1056 1928 nero

101 1949 307 2029 (retrusam)
329 1970 425 2014 111111
455 1968 662 2024 oneosvrssn,
686 1953 807 2012 dubitare
838 1970 894 2010 non
916 1954 1055 2030 debemus,

100 2141 135 2174 eos
150 2122 191 2189 η’
204 2125 304 2189 foetum
317 2140 371 2175 esse
380 2132 453 2189 puta.
473 2126 546 2188 empti
560 2125 599 2174 ed.
614 2140 684 2174 meae
698 2126 784 2188 prior.
800 2124 863 2174 idom
878 2131 979 2175 ceterae
997 2123 1055 2188 (am.

99 2194 195 2261 stud),
206 2198 278 2255 mate,
288 2199 379 2247 eumin
386 2198 439 2246 aiio
446 2211 520 2246 servo
528 2196 602 2245 aliud
608 2203 710 2259 agatur.
752 2192 770 2257 ¹)
781 2194 933 2245 Excidet-it:
942 2196 1054 2244 mandeti.

103 2264 124 2331 ²)
143 2266 189 2315 Eoo
207 2283 262 2316 mea
276 2270 308 2330 ei.
328 2267 461 2332 (Zeitseltr.
473 2267 496 2331 s.
509 2266 595 2331 gesed.
615 2266 687 2315 RW.
706 2265 786 2315 XIII.
797 2282 825 2330 p.
840 2265 890 2332 1198)
909 2268 986 2316 etsie
1000 2265 1057 2331 (sed

101 2345 127 2387 et
140 2335 262 2402 posuisse)
277 2337 305 2387 V
304 2334 325 2370 ⁸²
339 2353 378 2387 res
392 2338 450 2387 edd.
464 2338 556 2388 omisso
566 2344 659 2400 pastea
674 2332 733 2386 ‘se’.
795 2327 890 2401 ⁸)q‘oare
905 2339 932 2385 in
948 2336 974 2386 O.
988 2339 1055 2387 seri·

97 2416 172 2471 ptum
186 2408 288 2457 videtur
298 2409 389 2472 fuisse.
444 2405 466 2474 ⁴)
481 2408 680 2457 demonstratorio
695 2404 786 2473 m(odo)
797 2408 933 2470 designetur
946 2408 974 2457 V
974 2404 995 2441 ⁸⁴⁶
1004 2424 1056 2473 pro

102 2480 279 2529 demonstretur
291 2486 316 2528 ie
331 2476 423 2545 m(odo)
438 2478 575 2541 designetur
583 2485 663 2542 puto:
682 2493 762 2543 neque
778 2478 827 2529 da'e
842 2494 893 2542 pro
905 2480 1057 2543 glossemate

101 2549 261 2607 nabendum
278 2552 384 2614 opponit
400 2549 481 2599 Gaius
499 2550 751 2608 demonstrationem,
771 2564 836 2613 guae
850 2549 923 2599 moda
937 2551 1056 2615 designa·

101 2622 197 2670 tionem
210 2622 258 2680 rei,
273 2622 298 2669 d.
310 2638 332 2685 g.
343 2637 377 2679 a.,
392 2621 586 2685 necquidquam
600 2620 727 2669 desiderii
740 2622 779 2668 uel
794 2622 964 2671 cantentionis
979 2620 1010 2686 (4,
1020 2619 1057 2686 41)

102 2693 225 2749 eontinet,
240 2699 264 2740 et
278 2693 449 2748 intentionem,
464 2706 515 2755 gua
528 2697 603 2740 aeior
613 2697 674 2754 posi
687 2688 764 2739 uerba
779 2696 810 2736 st
820 2697 915 2737 PARET
926 2692 1001 2739 etiam
1016 2693 1057 2739 ius

101 2776 175 2810 suum
189 2763 321 2811 contendit
329 2778 361 2812 ae
371 2764 446 2825 petit,
461 2776 584 2825 quamque
597 2763 675 2809 etiam
686 2761 801 2822 formula
815 2761 842 2809 in
849 2761 949 2822 factum
959 2767 1057 2810 tantum

102 2833 156 2882 alio
166 2833 240 2882 modo
250 2835 381 2883 continere
391 2832 492 2882 uidetur
502 2834 539 2881 ita
549 2838 577 2881 ut
585 2832 661 2880 simul
673 2844 725 2889 res,
738 2830 764 2879 d.
775 2845 798 2894 g.
808 2846 842 2889 α..
857 2845 888 2879 ea
897 2830 1055 2896 designetur.

104 2902 202 2952 Contra
215 2904 243 2951 in
257 2905 367 2953 animum
381 2918 431 2953 non
444 2901 547 2960 induce,
561 2901 590 2950 id
602 2900 671 2965 guod
683 2915 746 2950 sane
760 2899 886 2950 librarius
899 2908 925 2949 et
938 2904 1018 2951 valuit
1032 2907 1057 2951 et

101 2971 225 3031 scripsit:
243 2969 443 3018 demonstratorio
466 2968 559 3035 m(odo)
582 2969 720 3029 designetur
742 2968 791 3033 (sie
809 2969 886 3017 eiiam
904 2968 953 3019 Km
971 2969 1010 3018 ed.
1030 2968 1062 3034 2),

102 3040 187 3102 ipsum
203 3038 294 3089 Gaium
308 3042 458 3103 scripsisse,
475 3041 614 3105 genuinam
627 3045 653 3088 et
666 3054 752 3088 uerum
770 3039 1010 3089 demonstrationem
1024 3042 1063 3090 sie

102 3110 199 3159 tumide
213 3111 290 3159 etiam
304 3111 422 3161 inaudito
437 3112 565 3161 adieetioo
580 3108 644 3176 (pro
659 3106 855 3174 demonstrativo)
870 3109 1002 3161 dicentem.

175 3263 201 3336 ᾗ.
217 3269 259 3319 60.
279 3266 350 3316 damn
360 3306 366 3318 .
377 3305 384 3319 .
395 3304 402 3316 .
413 3259 555 3329 ignominie]
570 3262 604 3325 os.
615 3262 638 3323 §-
651 3270 697 3311 182.
716 3258 809 3309 notione
825 3252 905 3321 intur]
922 3256 956 3318 ef.
968 3254 1057 3304 Cottat.

103 3350 124 3397 n,
138 3350 158 3389 s.
192 3338 231 3387 De
243 3338 313 3399 furti
330 3337 433 3387 actione
447 3335 482 3397 ef.
496 3334 529 3383 L.
544 3344 569 3383 19
580 3347 624 3395 pr.
639 3333 680 3393 ὃς.
695 3342 763 3380 1-4.
783 3328 814 3377 L.
829 3337 863 3378 62.
887 3327 909 3387 §-
925 3336 958 3376 25.
979 3325 1011 3372 D.
1026 3325 1058 3373 de

101 3410 167 3471 furt.
182 3407 277 3473 (41.1).
301 3404 385 3474 supro]
402 3408 425 3467 ξ.
439 3417 474 3456 tt.
507 3404 546 3452 De
560 3403 738 3467 designatione
753 3399 787 3461 cf.
802 3398 834 3446 L.
850 3406 883 3447 15.
903 3398 926 3457 ἕ.
941 3407 961 3446 s.
976 3394 1008 3443 L.
1023 3406 1058 3445 16.

104 3480 136 3528 Ι).
151 3480 184 3529 de
198 3481 257 3529 dola
272 3478 303 3544 (4,
318 3479 349 3543 3).
365 3478 396 3526 L.
406 3489 427 3528 s.
444 3476 475 3524 D.
486 3475 517 3524 de
531 3475 572 3523 rei
586 3474 655 3522 vind.
672 3471 703 3538 (s,
717 3470 749 3537 1).
764 3469 818 3520 Lm
830 3483 873 3530 pr.
888 3467 919 3514 D.
931 3466 962 3516 de
977 3467 1058 3514 iniur.

105 3550 194 3618 (41.1).
225 3549 299 3600 Cous.
313 3561 334 3601 5.
350 3549 424 3597 Paut.
440 3557 461 3605 s,
475 3558 508 3597 o1.
528 3546 551 3608 §-
566 3554 599 3595 rr.
