2550 4000
419 235 480 272 ean
498 219 636 299 merra}
654 222 765 274 66-68.
1015 219 1076 286 189

103 378 320 437 etiamincertus
332 379 382 446 sit;
395 377 467 434 unde
479 377 573 434 solent
581 379 668 453 spurii
680 375 730 433 tilii
740 376 880 452 appellari,
893 377 938 434 uei
950 396 964 434 a
976 377 1077 436 Graeca

104 480 175 520 uoce
192 464 269 536 quasi
284 456 442 537 σποράδην
456 465 599 536 concepti,
622 462 668 519 uei
682 463 759 535 quasi
773 463 833 519 siae
847 471 925 536 patre
940 457 1018 520 fitii.¹

170 543 220 605 66.
237 549 400 620 Aliquando
415 554 512 606 autem
527 550 631 617 euenit,
655 554 688 604 ut
708 549 801 616 liberi,
825 550 876 619 qui
896 551 992 604 616166
1013 553 1077 623 qui-

104 635 171 689 dem
184 639 218 690 ut
232 625 315 689 ncti²
330 641 407 702 sunt,
426 640 571 704 parentum
586 631 614 688 in
628 639 767 705 potestate
780 647 837 688 non
852 629 929 703 iiant,
945 633 965 688 ii
979 642 1076 706 postea

16 724 87 778 [1171
106 726 197 773 tamen
210 715 371 791 redigantur
384 719 413 772 in
428 725 604 788 potestatem.
632 711 681 775 66.
701 716 784 774 661661
795 719 822 772 si
835 715 956 774 Latinus
970 716 1076 790 exlege

105 801 184 858 Aelia
199 801 291 858 Sentia
313 817 399 858 utere
422 799 504 857 ducta
528 799 613 857 iiiinm
631 802 827 875 procreauerit‚
841 809 890 856 aut
903 799 1029 858 Latinum
1043 818 1077 857 ex

105 885 203 943 Latina
218 895 266 942 aut
279 887 368 948 ciuem
382 883 532 942 Romanurn
547 902 581 942 cx
596 885 799 953 stoctonam,
820 901 877 942 non
892 884 1000 942 babebit
1014 901 1077 942 eum

107 972 137 1026 in
148 979 300 1044 potestate;
312 971 374 1028 'sed
382 973 409 1026 si
418 977 515 1042 poetes
525 987 607 1026 causa
615 971 739 1042 proteu
747 973 893 1028 ciudmem
898 970 1059 1028 Raraunum
1071 978 1076 1031 Ι

106 1054 388 1127 consecutusfncrit‚
399 1047 825 1112 'ciuemRomasutmeumsimui³
836 1047 1073 1131 inpotestatelsua
1087 1059 1127 1114 18,

107 1140 211 1196 hahere
222 1141 327 1214 incipit.
352 1135 399 1199 67.
411 1138 480 1196 Rem
491 1141 515 1195 si
530 1141 598 1196 ciuis
610 1140 747 1197 Romanus
758 1139 881 1196 Latinam
892 1148 940 1195 aut
954 1140 1078 1213 peregri·

107 1241 171 1280 nam
182 1241 294 1282 uxorem
307 1225 414 1282 duxerit
424 1241 474 1296 per
482 1226 676 1298 ignorantiam,
690 1241 753 1280 eum
763 1240 823 1281 eam
831 1225 922 1280 ciuem
932 1222 1079 1280 Romanam
1164 1223 1166 1228 “

108 1325 171 1366 esse
187 1309 321 1381 crederet,
343 1318 370 1366 et
385 1307 470 1366 titium
489 1310 684 1381 promeauerit,
705 1309 823 1366 166666
837 1315 882 1364 est
898 1309 926 1364 in
941 1316 1079 1381 potestate

109 1395 182 1466 eius,
194 1395 256 1468 quia
266 1410 304 1450 ne
313 1394 422 1468 quidun
428 1393 497 1450 ciuis
503 1393 700 1466 Romanusest,
711 1392 760 1449 sed
771 1391 937 1450 autLatinus
947 1401 995 1448 aut
1001 1408 1079 1466 pere·

109 1480 218 1554 grinua
236 1478 264 1534 id
276 1487 318 1534 est
330 1480 391 1534 eius
401 1477 582 1548 condicionis,
601 1480 814 1536 ouiueetmater
834 1476 927 1547 tuerit,
945 1478 1079 1552 quianon

109 1563 315 1636 aliterquisque
322 1563 354 1618 ad
361 1565 447 1636 patris
452 1561 641 1620 condicionem
646 1562 761 1633 accedit,
772 1564 884 1635 quamsi
895 1563 968 1619 inter
975 1569 1079 1635 patrem

109 1657 259 1704 etmatrem
270 1649 330 1703 eius
342 1646 489 1704 conubium
501 1647 550 1703 sit:
563 1647 611 1703 sed
621 1663 654 1702 er
660 1647 900 1704 senatusconsulto
910 1647 1080 1721 permittitur

109 1749 218 1790 causam
229 1734 332 1797 erroris
345 1734 472 1806 probare,
483 1731 559 1788 etita
571 1747 760 1805 uxorquoque
772 1740 801 1788 et
811 1729 884 1788 filius
897 1734 934 1787 ad
940 1732 1079 1792 ciuitatem

108 1817 258 1874 Romanam
270 1818 449 1890 perueniunt,
458 1825 485 1872 et
491 1832 524 1872 ea
536 1832 570 1872 66
582 1825 706 1889 tempore
717 1817 813 1888 incipit
822 1814 895 1872 tilius
904 1817 933 1872 in
943 1823 1080 1888 potestate

109 1904 197 1977 patris
211 1917 283 1958 esse.
308 1901 380 1958 idern
391 1903 457 1958 iuris
472 1909 526 1972 est,
540 1901 565 1956 si
579 1917 637 1958 eam
653 1917 702 1974 per
711 1901 892 1975 ignorantiam
903 1915 1016 1956 uxorem
1031 1899 1080 1954 du·

109 1988 193 2059 uerit,
207 2003 276 2059 quae
287 1985 597 2042 dediticiorumnumero
609 1996 664 2055 est,
676 1985 810 2060 nisiquod
822 2002 892 2041 uxor
902 2003 958 2042 non
970 1982 1001 2040 fit
1011 1985 1080 2041 ciuis

110 2071 241 2127 Romana.
276 2066 327 2129 68.
336 2070 403 2127 item
413 2073 437 2126 si
447 2072 515 2127 ciuis
526 2071 648 2127 Romana
659 2086 709 2143 per
719 2086 841 2127 errorem
856 2078 940 2142 nupta
952 2071 989 2125 sit
1003 2084 1080 2141 pere·

112 2158 195 2230 grino
207 2164 342 2229 tamquam
354 2158 408 2213 ciui
417 2154 550 2225 Romano,
566 2156 735 2228 permittitur
746 2156 771 2209 ei
784 2170 892 2209 causam
903 2155 1005 2209 erroris
1016 2168 1080 2225 pro-

110 2240 188 2312 bare,
204 2249 232 2295 et
245 2242 282 2297 ita
297 2240 371 2297 fliius
384 2257 493 2314 quoque
506 2242 564 2295 eius
577 2246 604 2295 et
616 2240 729 2294 maritus
740 2241 778 2295 ad
787 2239 923 2295 ciuitatem
933 2236 1081 2293 Romanam

110 2326 290 2399 perueniunt,
306 2337 334 2383 et
346 2342 432 2401 aeque
445 2324 527 2381 simul
540 2326 633 2399 incipit
645 2322 716 2379 filius
729 2328 757 2379 in
767 2330 904 2398 potestate
914 2324 999 2397 patris
1009 2337 1080 2377 esse.

110 2409 184 2465 idem
203 2411 271 2465 iuris
292 2421 351 2481 est,
372 2412 395 2465 si
417 2411 563 2485 peregrino
592 2419 727 2483 tamquam
745 2408 841 2464 Latino
866 2425 899 2465 ex
924 2407 986 2481 iege
1005 2406 1082 2463 Aelia

110 2494 207 2550 Sentia
227 2504 312 2568 nupta
332 2496 384 2563 sit3
411 2512 472 2551 nam
488 2503 517 2553 et
537 2495 571 2551 de
591 2494 645 2549 hoc
664 2493 819 2568 specialiter
842 2491 1081 2549 senatusconsulto

111 2587 236 2637 cauetur.
274 2578 345 2635 idem
366 2579 433 2635 iuris
455 2589 504 2636 est,
518 2573 706 2653 aliquatenus,
728 2580 752 2633 si
767 2580 808 2648 ei,
830 2579 876 2651 qui
891 2576 1081 2633 dediticiorum

111 2680 229 2719 numero
249 2672 306 2734 est,
329 2674 466 2737 tamquam
487 2666 540 2720 ciui
559 2664 681 2720 Romano
703 2670 751 2718 aut
770 2662 864 2717 Latino
885 2663 910 2717 'e
931 2662 993 2735 iege
1007 2660 1082 2717 Aelia

188 2820 208 2890 1)
222 2823 347 2889 Sequitur
357 2826 426 2874 linea
436 2840 527 2874 66666.
585 2820 606 2889 ²)
622 2822 667 2871 Ex
681 2823 744 2872 Inst.
769 2820 822 2870 Sed
829 2824 988 2887 sequentium
1000 2838 1082 2871 66666

111 2896 209 2945 addidi
224 2892 359 2960 ε6616666.
384 2904 451 2945 utet
466 2894 850 2959 166661116616616666166166.
903 2889 923 2958 ³)
939 2893 1010 2942 simul
1025 2908 1081 2955 ergo

113 2981 170 3016 eum
179 2965 272 3019 Sched.
285 2966 457 3031 6666116666
470 2974 548 3016 antea
562 2969 589 3015 in
602 2964 662 3015 edd.
673 2971 799 3014 retentum
808 2980 866 3013 eunt
879 2966 927 3013 circ
939 2964 1017 3013 huius
1030 2966 1083 3014 loci

112 3040 163 3096 sit,
183 3039 210 3087 in
228 3038 252 3088 0.
273 3040 313 3087 661
331 3040 473 3103 archetypo
488 3040 578 3101 potius
593 3037 679 3101 fuerit
690 3041 766 3088 irem.
781 3038 942 3100 transposita
960 3052 983 3085 6.
998 3036 1081 3096 simu13

2 3142 7 3150 ·
113 3111 265 3159 nemetiam
281 3111 365 3173 filiunt
383 3112 463 3159 ciuem
482 3109 553 3159 Rom.
566 3110 679 3173 facium,
697 3110 724 3157 si
736 3123 787 3157 non
807 3114 877 3168 erut,
897 3115 984 3157 iacere
1001 3107 1083 3157 Gaius

113 3196 167 3230 non
178 3188 285 3244 poterat
299 3179 435 3245 (efi1,6t);
450 3182 498 3231 166
508 3195 569 3230 cero
579 3188 683 3243 recepte
697 3181 773 3228 etiam
782 3180 810 3228 in
821 3180 1025 3243 interpretandis
1039 3180 1082 3239 iis,

114 3266 182 3317 quae
187 3253 352 3315 praecedunt
362 3254 388 3301 in
397 3252 487 3301 Gdselt.
499 3250 737 3310 6131666666166..
747 3251 849 3315 aliquid
858 3252 1006 3299 mutandum
1016 3256 1081 3298 erat.

188 3390 214 3462 6.
230 3396 409 3457 65.==§.1t.
428 3394 522 3444 Leod.
595 3390 622 3462 ξ
638 3397 679 3445 66.
701 3392 741 3455 Cf.
760 3391 816 3455 [116.
831 3404 853 3451 t,
868 3403 889 3442 t.
908 3406 990 3454 supra
1004 3392 1028 3452 §-
1047 3402 1081 3440 29.

116 3461 143 3533 §-
158 3467 204 3515 67.
219 3464 257 3529 Cf.
273 3465 329 3529 Uip.
340 3478 391 3526 ns.
406 3476 428 3527 5,
438 3477 459 3516 6.
474 3464 549 3528 infra
559 3476 580 3524 s,
590 3476 636 3515 142.
652 3477 674 3523 6,
684 3477 705 3517 6.
716 3475 749 3515 rs.
771 3463 937 3519 Collatiae.
952 3464 975 3524 §-
986 3472 1006 3513 6.
1017 3473 1052 3521 as,
1062 3473 1082 3512 6.

116 3538 158 3598 ἐξ.
173 3548 192 3587 t.
208 3548 242 3589 15.
257 3552 339 3600 supra
354 3538 377 3598 §-
392 3548 426 3588 66.
450 3536 510 3586 Hoc
523 3537 773 3586 senatusconsultum
786 3535 921 3598 antiquius
932 3535 1017 3595 fuisse
1030 3535 1083 3583 alio

115 3606 163 3656 sub
178 3607 319 3658 Hadriano
331 3608 417 3671 sacto,
433 3614 544 3671 apparet
557 3623 592 3656 eas
606 3619 626 3669 2,
642 3618 689 3657 tta.
703 3616 751 3657 148·
806 3602 832 3672 ξ
848 3606 890 3655 68.
907 3603 946 3667 Cf.
961 3603 1016 3668 Uip.
1027 3617 1048 3663 t,
1062 3615 1083 3652 t.
