2550 4000
441 227 503 263 san
522 227 627 264 ussum
644 210 667 264 L
683 217 725 266 85.
1010 213 1070 278 181

95 371 202 442 stituit,
226 379 256 425 ut
277 371 300 425 si
313 369 437 427 Latmus
458 372 486 426 ia
509 368 576 426 arbe
599 373 720 428 triennio
741 373 888 444 pistrinum
908 375 1072 445 exercuerit,

94 456 177 526 quod
202 449 251 511 ia¹
276 454 332 510 dies
359 454 483 528 singulos
505 471 561 511 aon
583 457 672 512 minus
701 473 781 530 qum
809 466 941 513 centenos
963 459 1073 516 modios

94 539 230 595 frumenti
258 533 417 613 pinserat,²
446 539 478 594 ad
501 540 546 597 ius
568 538 714 608 Quiritium
734 545 897 615 perueniret
920 533 1108 620 13--9ι

94 641 142 680 vv.
156 624 351 682 1-3--·-
365 616 369 702 Ι
386 620 433 682 35.
446 666 453 680 .
466 617 497 681 ,⁴
511 626 629 682 mulotes
644 626 757 699 triginta
769 643 904 682 maurum
916 628 1073 684 manuniml

96 717 127 764 et
141 706 232 766 Latini
247 709 311 766 isati
327 711 457 766 eomodo
473 712 604 781 poslssmt
618 711 662 766 ius
677 707 823 776 Quiritium
838 713 981 784 samsom,
996 715 1075 785 qaut

96 801 131 851 ut
146 798 229 850 serui
247 795 373 868 suigiam
393 809 526 850 amotum
542 797 772 853 manumittantur
791 800 870 854 iusta
885 812 923 852 ao
942 799 1091 871 lepitima,

95 882 322 938 mamtmisstose
335 881 375 936 ab
396 895 440 951 eo,
463 883 547 936 cums
562 895 602 938 au
622 883 689 938 iure
704 882 856 951 Quiritium
869 884 937 938 rost.
971 885 1071 956 itaqua

97 967 225 1022 Latinus
240 967 246 1030 Ι
261 963 444 1021 manumissus
468 964 587 1021 uindicta
611 975 658 1022 sut
680 983 764 1023 censu
785 976 833 1023 aut
853 973 1019 1024 testamento
1042 977 1072 1025 et

98 1051 173 1112 ciuis
183 1057 319 1113 Romanus
337 1053 341 1117 Ι
358 1059 386 1106 st
399 1053 464 1106 eius
477 1049 591 1106 libertus
605 1048 649 1122 fit,
664 1054 711 1124 qui
726 1068 789 1108 eum
803 1047 975 1109 iteraretis!
1002 1069 1072 1125 ergo

176 1195 196 1266 ¹)
217 1196 257 1248 ‘ia
271 1213 321 1263 qao
335 1193 375 1246 in'
392 1199 425 1257 ci.
439 1195 514 1246 seua.
529 1196 576 1246 sed
594 1197 677 1259 ipsum
686 1198 830 1260 pistrinum
842 1204 882 1246 est
896 1200 1074 1248 centenarium

99 1273 160 1339 (Fr.
176 1271 204 1320 V
201 1278 236 1320 at.
248 1268 298 1332 iss)
312 1275 337 1318 et
347 1269 381 1331 cf.
392 1276 470 1317 antea
485 1282 560 1331 esque
571 1267 640 1316 nauis
651 1305 657 1316 .
668 1304 674 1315 .
685 1304 692 1315 .
703 1267 843 1331 portauerit.
883 1263 904 1331 ¹)
918 1266 993 1328 Quod
1001 1277 1070 1318 ante·

99 1343 173 1393 cedit
182 1343 207 1391 b.
218 1358 240 1390 a.
251 1342 352 1406 sianum
359 1340 471 1403 fuitnep
482 1339 574 1388 omisso
585 1353 598 1387 r
608 1337 654 1404 (π
663 1339 745 1402 populi
755 1338 822 1387 iiam.
835 1339 870 1402 cs.
883 1338 926 1388 Fr.
943 1339 1001 1388 Vat.
1013 1338 1073 1405 stt.)

99 1431 138 1464 an
154 1427 247 1463 errare
257 1411 387 1475 positum?
414 1409 504 1474 Suppl.
519 1408 556 1458 St.
576 1410 615 1458 ed.
636 1409 686 1458 Kr.
701 1421 721 1460 s.
737 1425 766 1474 p.
785 1409 866 1460 XXI.
880 1417 985 1460 secutus
1002 1427 1073 1462 nunc

99 1486 185 1536 omisi.
243 1477 264 1547 ⁸)
282 1482 345 1532 Tres
355 1483 456 1546 primas
470 1481 548 1531 iuius
557 1495 621 1546 pap.
635 1497 659 1530 a.
670 1495 717 1531 aee
729 1479 804 1532 Stsd.
815 1483 901 1547 tepere
911 1484 998 1545 potnit
1016 1485 1073 1548 (ea-

99 1564 177 1621 cepta
196 1571 225 1604 a:
247 1553 403 1621 (conteeant
421 1554 449 1602 ia
468 1567 491 1602 u.
510 1563 531 1603 s.
549 1553 614 1602 med.
627 1554 658 1602 in
671 1551 782 1617 Suppli
817 1551 889 1614 Quae
909 1569 969 1604 aero
982 1570 1018 1604 eu
1031 1569 1072 1604 se·

100 1627 238 1693 quentibus
252 1643 275 1676 o.
284 1639 300 1677 4
310 1663 315 1676 .
327 1663 333 1674 .
345 1661 351 1674 .
363 1636 389 1676 18
398 1625 498 1688 passim
508 1625 660 1688 expiscatus
669 1631 715 1686 est,
720 1632 853 1688 postremo
864 1627 940 1674 etiam
950 1627 1073 1676 conunuo

100 1701 173 1765 lepit,
183 1697 307 1762 probant,
322 1696 387 1746 baec
401 1698 495 1754 omnia,
510 1702 538 1743 ut
551 1696 628 1744 ettam
643 1693 782 1761 Kriaperus
796 1694 878 1761 (Krit.
893 1695 975 1746 Beitr.
982 1713 1011 1760 p.
1022 1695 1073 1762 114)

100 1772 212 1825 iudicat,
221 1770 257 1818 ad
263 1769 426 1818 iterationem
432 1767 601 1830 pertinuisse,
610 1768 678 1815 unde
686 1783 754 1816 nunc
762 1769 894 1817 conticere
901 1769 971 1825 ticet,
981 1767 1074 1816 Gaium

101 1844 129 1891 in
138 1835 163 1891 u.
175 1855 187 1891 1
199 1878 205 1890 .
216 1878 222 1889 .
235 1879 240 1889 .
250 1852 264 1891 s
276 1841 336 1904 sere
346 1839 455 1896 dixisse,
469 1837 592 1886 Latinam
602 1841 684 1887 solam
693 1840 770 1887 etiam
784 1845 825 1887 ter
839 1840 945 1888 eniam
954 1853 989 1887 ea
998 1837 1073 1893 Sota,

101 1928 200 1963 omnent
214 1912 339 1961 Latinam
352 1909 475 1972 beneflcio
486 1910 637 1972 principali
650 1911 693 1958 ias
709 1908 755 1969 Qu.
766 1911 883 1973 consequi
889 1924 976 1972 posse,
991 1926 1009 1960 a
1022 1925 1074 1975 qua

101 1985 139 2035 ad
149 1984 320 2041 iterationem,
331 1998 382 2047 qua
392 1983 447 2046 ipse
452 1987 583 2045 patronus
592 1980 642 2031 boc
649 1979 798 2044 benetiaium
805 1981 908 2041 tribuit,
915 1982 1007 2044 sociiis
1015 1987 1074 2033 erat

103 2057 240 2117 transitus,
254 2057 324 2105 uelut
337 2054 378 2103 bis
391 2052 477 2103 uerbis
491 2054 567 2101 initio
582 2053 605 2113 ξ.
617 2063 656 2104 ss:
674 2049 727 2101 ‘Ab
741 2054 798 2116 ipso
808 2049 946 2117 patrono’.
984 2051 1007 2118 ⁴)
1023 2052 1074 2102 Re·

102 2128 206 2177 stitutio
223 2126 300 2175 buius
323 2126 372 2186 ii,
395 2126 470 2175 cuias
489 2124 581 2187 ubique
599 2124 681 2187 spatii
699 2131 724 2172 et
742 2125 889 2172 litterarum
908 2120 954 2170 V·t
970 2124 1074 2174 radone

102 2197 194 2249 babita
213 2200 240 2246 in
258 2198 298 2247 ed.
318 2209 339 2247 a.
355 2198 503 2259 periculum
519 2194 649 2258 feceram,
673 2197 777 2243 multum
798 2193 966 2257 discrepabat
983 2194 1015 2244 ab
1034 2210 1073 2253 ea,

103 2285 180 2335 quam
198 2268 338 2334 Kriiperus
356 2269 372 2316 l.
388 2283 411 2317 c.
430 2267 603 2331 eacopitauit,
624 2271 653 2313 ut
666 2267 722 2314 alia
739 2273 846 2322 taceam,
865 2266 917 2313 iam
930 2280 960 2316 eo
980 2267 1074 2330 impro-

102 2340 222 2398 babilem,
240 2340 310 2405 quod
328 2346 421 2389 contra
440 2340 566 2388 rationem
586 2338 655 2386 iuris
672 2343 698 2386 et
715 2334 821 2400 Ulpiani
834 2338 1016 2387 auctoritatem
1030 2352 1075 2387 no-

102 2429 161 2462 uum
176 2428 209 2461 ac
223 2413 316 2460 mirum
330 2412 371 2459 ius
385 2411 451 2476 lepis
464 2408 557 2458 Aeliae
571 2406 677 2457 Sentiae
691 2408 802 2467 inducit,
821 2416 846 2457 et
865 2409 940 2458 circa
950 2410 1028 2471 finem
1042 2407 1074 2457 ab

103 2485 153 2535 boc
164 2486 224 2533 loco
235 2485 316 2546 plane
329 2483 418 2530 aliena
428 2481 459 2530 de
468 2487 629 2544 patronatus
639 2481 697 2529 iure
710 2479 775 2530 Gaio
785 2479 908 2530 obtrudit.
934 2478 988 2529 Sed
996 2496 1074 2539 nunc,

103 2554 148 2605 ubi
161 2553 253 2618 Sappl.
268 2552 307 2603 Sl.
318 2568 346 2616 p.
366 2552 442 2601 XXI
451 2552 559 2601 nteiiora
574 2551 711 2610 dederunt,
729 2552 824 2615 etipse
839 2554 866 2601 in
880 2553 968 2601 multis
981 2550 1014 2601 ab
1028 2553 1076 2599 illa

103 2626 241 2676 discedere
259 2638 353 2689 sopor,
376 2630 401 2673 et
418 2624 530 2673 manime
548 2621 650 2687 quidem
668 2624 720 2672 iam
738 2624 766 2671 in
785 2638 828 2681 eo,
850 2622 919 2687 quod
936 2624 972 2684 §.i
990 2624 1075 2680 initio,

103 2699 227 2761 deeeptus
238 2696 320 2760 salsa,
339 2696 378 2744 uti
396 2711 465 2745 nunc
479 2700 597 2758 apparet,
612 2695 707 2756 priore
725 2692 794 2744 Stdi
808 2695 920 2743 lectione
939 2692 1018 2757 (uelut
1036 2692 1076 2741 bis

106 2764 334 2831 ‘Latinoram’pro
351 2762 500 2825 ‘annorum’,
516 2761 665 2814 ‘consitium’
677 2780 730 2828 pro
745 2761 885 2827 ‘consequi'
899 2762 967 2828 etc),
984 2763 1076 2812 Gaium

103 2841 182 2889 etiam
200 2841 328 2889 minorum
344 2838 434 2887 XXX
447 2853 508 2887 ann.
528 2838 742 2886 manumissorum
755 2837 883 2885 rationem
895 2833 1017 2883 babuisse
1024 2849 1075 2899 po·

104 2926 223 2961 sueram:
237 2910 306 2974 quod
315 2910 417 2960 omnino
428 2906 553 2959 credibile
563 2907 673 2972 quidem,
689 2904 736 2972 (cf.
747 2906 792 2955 Fr.
803 2906 904 2957 Dositb.
916 2917 949 2957 14.
959 2913 985 2955 et
993 2921 1077 2970 supra

105 2985 166 3044 §.tt
181 2982 208 3029 in
223 2982 303 3044 nota),
318 2981 412 3030 sedan
427 2980 529 3045 sactum
543 2980 585 3036 sit,
605 2995 675 3028 nunc
692 2979 805 3027 maxime
823 2979 881 3029 toll.
901 2976 956 3043 Ulp.
972 2989 993 3037 t,
1007 2990 1028 3029 t.
1048 2978 1076 3026 in

57 3096 69 3120 ,
105 3052 399 3117 dubiorelinquendum.
418 3059 447 3101 at
454 3052 544 3115 potius
553 3051 700 3114 repandum
708 3056 754 3099 est.
786 3048 857 3109 Quae
866 3065 936 3099 nuno
942 3064 1077 3115 propono,

106 3127 135 3173 in
150 3123 266 3173 omnibus
281 3123 341 3187 fere
355 3124 452 3185 peritis
470 3122 645 3184 satisfactura
663 3136 718 3171 esse
737 3121 847 3184 confido,
865 3122 942 3170 etiam
952 3137 1021 3184 prae
1035 3121 1076 3171 ed.

105 3194 156 3245 Kr.
172 3206 202 3253 2,
216 3210 281 3258 quae
295 3195 352 3243 sine
366 3209 447 3244 causa
460 3194 560 3257 partim
574 3194 662 3241 aliena
681 3193 801 3251 intrudit,
816 3194 916 3255 partim
934 3192 1022 3242 bintus
1036 3193 1076 3239 in-

105 3268 223 3331 euptetos
232 3267 366 3330 relinquit,
376 3266 476 3329 partim
485 3270 556 3313 recte
571 3263 670 3313 tradita
680 3270 790 3313 attentat
799 3266 839 3313 uel
847 3265 948 3314 omittit.
986 3259 1008 3326 ο)
1022 3260 1078 3309 Hic

106 3352 169 3387 usus
189 3337 311 3402 loquendi
330 3344 421 3386 contra
439 3336 499 3386 Uod.
514 3338 696 3385 auctoritatem
709 3336 761 3383 iam
775 3343 836 3399 post
856 3334 900 3382 m.
921 3334 1033 3383 Vatssl
1047 3331 1075 3378 in

177 3459 203 3531 §-
219 3465 262 3514 36.
283 3462 323 3525 Os.
338 3460 394 3524 lltp.
405 3473 457 3519 Μ.
477 3472 543 3519 1,1s.
564 3458 609 3508 li.
624 3458 685 3509 Vat.
695 3470 742 3509 sm.
762 3458 936 3522 Epit.1,1,a
957 3452 1076 3503 titios.

107 3533 236 3669 {giql'clgt
256 3548 295 3597 ep.
312 3544 332 3592 t,
348 3544 381 3583 ts.
410 3531 492 3582 Tacit.
507 3531 541 3580 Α.
561 3543 595 3591 1³,
610 3542 645 3583 27.
668 3531 785 3579 bonoram
803 3520 942 3591 possessio]
963 3524 1001 3588 Os.
1013 3536 1035 3583 s,
1050 3535 1078 3575 88
