2550 4000
398 247 460 283 eam
479 248 584 287 rnscrr.
602 229 651 284 tv.
670 234 778 288 24-25.
1008 231 1072 298 353

104 406 211 465 puram,
226 389 252 445 id
269 398 311 447 est
326 405 381 445 non
396 406 446 463 pro
461 388 599 462 iudicato,
623 387 700 446 uelut
721 389 770 446 lex
787 384 908 464 (Faria)
925 398 1071 447 testamen·

105 476 172 533 taria
195 473 329 531 aduersas
351 489 428 545 eum,
458 475 504 549 qui
527 474 681 548 legatorum
703 477 812 531 nomine
835 477 966 531 mortisue
989 492 1070 532 causa

104 560 167 634 pius
182 575 211 617 m
223 558 329 616 assibus
345 560 478 632 cepisset,
501 574 562 615 cum
584 575 615 615 en
636 559 698 633 lege
719 577 775 617 uon
790 569 864 615 esset
879 568 1019 633 exceptus,
1039 567 1070 615 ut

103 646 129 701 ci
150 642 213 718 pius
228 660 326 717 capere
344 642 453 713 liceret;
476 645 539 699 item
555 642 599 699 lex
614 641 709 700 biarcia
725 645 856 700 aduersus
872 644 1069 717 faeneratores,

104 737 135 785 ut
150 729 173 785 si
188 743 285 785 usuras
301 729 473 801 exegissent,
495 726 530 785 de
551 727 594 784 his
609 728 753 785 reddendis
773 745 822 803 per
837 745 931 785 manus
945 730 1069 786 iniectio·

103 829 165 870 nem
188 829 248 870 cnm
271 813 310 869 eis
333 819 471 887 ageretur.
514 806 564 876 24,
587 811 625 868 Ex
648 813 746 886 quibus
768 812 875 887 iegibus
898 815 971 871 etsi
999 831 1069 887 quae

102 897 169 954 aliae
185 897 286 954 similes
301 905 405 970 essent,
427 904 489 954 cum
510 896 653 972 agebatur,
675 914 782 954 manum
803 897 854 954 sibi
881 898 1018 972 depeliere
1041 907 1069 954 et

102 999 153 1056 pro
175 998 205 1038 se
228 981 291 1057 iege
311 998 391 1054 agere
409 976 486 1058 '(reo
498 975 655 1058 licebat):¹
672 998 732 1038 nam
748 991 776 1040 et
790 991 868 1039 actor
882 985 909 1038 in
923 984 982 1056 ipsa
998 983 1068 1057 legis

102 1066 210 1124 actione
229 1081 285 1123 nvn
306 1065 440 1123 adiciebat
460 1066 514 1124 bac
527 1066 643 1124 uerbum
658 1082 719 1126 rao
735 1083 896 1144 svorvnro,
918 1067 965 1123 sed
981 1070 1069 1124 nomi-

102 1158 269 1217 natussum,
284 1167 318 1206 eu
332 1167 386 1224 qua
396 1149 503 1224 agebat,
520 1153 557 1208 ita
572 1148 692 1207 dicebat:
708 1166 749 1209 on
764 1166 829 1207 nau
843 1168 908 1209 amu
922 1167 986 1210 neo
1001 1168 1068 1212 mar

101 1250 342 1309 nauvn1u10103
358 1251 419 1291 eum
440 1235 485 1309 bi,
501 1233 599 1311 quibus
618 1251 669 1309 pra
690 1235 808 1292 iudicato
830 1238 901 1291 actio
924 1235 985 1291 data
1001 1245 1067 1308 erat,

100 1322 238 1376 nominata
251 1335 344 1391 causa,
358 1335 392 1374 ex
407 1335 461 1395 qua
475 1318 603 1394 agebant,
624 1321 662 1377 ita
676 1319 844 1379 inferebant:
868 1335 908 1378 on
923 1335 988 1378 nan
1002 1336 1068 1379 nnn

99 1420 164 1462 aco
179 1418 247 1461 ‘rrnr
268 1419 329 1462 ruso
351 1419 505 1462 rusticano
527 1420 640 1464 manvu
661 1420 774 1464 rnrcro:
798 1422 848 1462 nec
865 1422 908 1462 me
923 1407 1064 1480 praeterit,

98 1491 127 1545 in
150 1487 238 1544 forma
259 1487 329 1562 legis
350 1486 445 1546 Furiae
467 1489 684 1547 testamentariae
700 1503 762 1550 sao
776 1506 929 1550 ruossano
952 1489 1064 1547 uerbum

30 1580 86 1634 {2³21
99 1573 199 1644 inseri,
219 1589 280 1629 enm
295 1573 323 1628 in
337 1573 398 1646 ipsa
412 1574 474 1648 iege
488 1589 544 1631 nan
559 1575 612 1650 sit3
633 1572 708 1647 quod
723 1574 833 1632 uidetur
847 1567 853 1652 Ι
869 1575 944 1632 nulia
959 1576 1063 1632 ratione
1082 1586 1141 1640 197.

99 1660 210 1715 iactum.
258 1654 308 1718 26.
330 1656 384 1714 Sed
405 1665 502 1732 postea
523 1656 587 1734 iege
602 1651 732 1731 ‘’Vallia,²
758 1669 872 1734 excepto
894 1659 1013 1717 iudicata
1036 1667 1065 1716 et

99 1760 152 1812 eo,
168 1759 219 1816 pro
234 1758 289 1816 quo
305 1741 455 1816 depensum
469 1751 522 1812 cst,
543 1743 642 1800 ceteris
656 1741 793 1816 omnibus,
815 1759 877 1800 cum
895 1742 995 1816 quibus
1015 1759 1066 1817 per
1084 1817 1087 1821 ι

97 1844 195 1886 manus
216 1827 391 1884 iniectionem
411 1826 558 1902 agebatur,
578 1828 742 1902 permissum
762 1836 806 1886 est
824 1826 876 1883 sibi
891 1842 999 1884 manum
1018 1827 1073 1884 de·'

97 1912 199 1988 pellere
215 1920 242 1969 et
256 1928 307 1986 pro
323 1927 352 1968 se
367 1927 465 1987 agere:
480 1913 573 1987 itaque
587 1910 721 1970 iudicatus
736 1920 765 1969 et
778 1914 814 1985 is,
828 1926 879 1986 pro
895 1927 950 1986 quo
962 1911 1063 1988 depen-

98 2014 157 2055 sum
173 2006 227 2071 est,
247 1998 328 2054 etiarn
348 2006 412 2071 post
431 1995 501 2054 hanc
520 1996 609 2073 legem
625 1995 760 2055 uindicem
775 1995 840 2056 dare
861 1995 1014 2070 debebant,
1036 2006 1063 2055 et

96 2085 148 2140 uisi
164 2083 270 2153 darent,
285 2080 395 2138 domum
410 2081 587 2140 ducebantur.
620 2084 727 2157 istaque
746 2082 873 2156 quamdiu
893 2082 963 2156 legis
979 2084 1063 2139 actio·

95 2232 178 2268 cansa
194 2216 315 2267 addendo
330 2216 495 2281 peccavisse,
513 2222 539 2266 et
556 2216 672 2267 editores
687 2231 740 2266 non
753 2230 818 2266 raro
835 2218 990 2282 plossemota
1003 2218 1062 2269 sine

95 2303 178 2339 caasa
195 2288 332 2338 statuendo
350 2288 526 2350 procliviores
545 2287 639 2351 faisse.
667 2286 755 2337 Etiam
775 2285 800 2336 it.
815 2289 832 2337 t.
854 2286 915 2337 Gaii
933 2290 1061 2338 intererat

94 2360 192 2419 dicere,
207 2375 258 2410 non
272 2360 453 2409 minvsmnitis
462 2360 489 2408 in
498 2359 699 2423 causispnram,
713 2373 789 2423 quarn
799 2373 851 2421 pro
865 2359 981 2409 indicato
995 2361 1062 2426 lepis
1115 2356 1118 2363 '

94 2432 222 2481 actionem
232 2446 261 2494 p.
272 2447 303 2479 m.
313 2431 359 2479 ini.
370 2431 444 2480 novis
452 2429 566 2496 lepidas,
579 2445 646 2496 qnae
654 2430 771 2480 actiones
780 2429 886 2489 dabant,
900 2430 986 2481 datam
996 2446 1060 2481 esse.

168 2497 189 2568 ¹)
204 2500 335 2565 Supplevi.
350 2498 465 2569 (licebat)
481 2501 539 2552 edd.
575 2499 630 2552 Sed
642 2501 720 2552 etiam
734 2497 803 2551 ‘reo’
819 2502 963 2571 excidisse,
979 2517 1060 2569 arpa·

94 2580 178 2624 mento
196 2580 235 2623 est
252 2580 304 2623 inm
317 2587 426 2637 sequens
440 2580 464 2623 et
477 2579 558 2637 astar,
576 2578 629 2622 tvm
647 2572 717 2637 qvod
735 2572 772 2622 ita
786 2574 856 2623 ratio
870 2581 993 2637 apparet,
1013 2590 1063 2624 cvr
1144 2569 1147 2575 ’

95 2646 172 2694 etiam
182 2659 217 2694 evo
226 2640 253 2695 ‘o
263 2639 368 2694 licebat’
381 2644 482 2708 saetam
492 2639 617 2693 ‘dicebat'
628 2643 773 2702 excideret,
786 2657 864 2693 sensa
874 2658 978 2703 carens,
988 2651 1062 2709 post-

94 2731 170 2781 quem
179 2730 206 2765 re
220 2722 249 2765 vt
259 2715 415 2781 pectinatam
424 2716 544 2765 omissam
552 2721 618 2765 erat.
675 2709 697 2780 ¹)
707 2712 753 2763 Sic
763 2721 897 2777 proserta
912 2710 965 2773 W,
980 2730 1062 2779 qnare

95 2788 125 2835 id
138 2787 242 2836 interim
256 2787 370 2837 retinere
380 2787 467 2847 indui,
482 2800 634 2851 quamquam
643 2784 781 2835 nereorad
789 2786 933 2847 exemplvm
943 2784 1062 2835 Mensiae

94 2859 168 2923 lepis.
188 2857 274 2907 Antea
288 2856 553 2921 Valeria-scripseram
567 2853 604 2909 ‘d
619 2855 702 2907 Recbt
713 2856 740 2905 d.
758 2851 870 2905 Neoeam'
885 2872 912 2919 p.
922 2867 969 2907 141.
984 2855 1024 2906 ed.
1040 2867 1061 2908 tt.

95 2935 204 2979 notans:
221 2944 269 2979 nec
286 2928 389 2989 dubito,
407 2930 470 2995 quin
488 2925 527 2995 (in
544 2923 699 2993 orebetppo)
714 2928 837 2987 litterar,
854 2942 930 2992 qaam
945 2926 971 2979 0.
986 2926 1063 2977 babet

94 3001 123 3049 in
146 3015 223 3049 versv
241 3000 407 3050 antecedente
421 3005 483 3064 post
500 3014 554 3051 voc.
572 3013 640 3061 cum,
655 3013 706 3062 per
724 3013 840 3049 errorem
856 3014 886 3048 eo
900 3000 1061 3065 mipraverit,

94 3086 152 3121 aava
166 3078 302 3122 corrector
315 3086 371 3121 eam
383 3085 463 3135 svper
476 3069 548 3121 naiiia
563 3068 614 3138 (sic
624 3070 685 3136 fere
700 3067 736 3136 0.)
749 3070 926 3134 supplevisset.

94 3186 244 3252 tependam:
257 3184 303 3236 Ubi
317 3184 488 3251 quadruplator
500 3185 558 3251 quai
571 3184 662 3247 inpiam
675 3182 740 3252 (pro
752 3183 898 3251 qnempiam)
912 3185 995 3236 iniexit
1009 3200 1060 3235 ms-

94 3272 159 3307 num.
178 3256 224 3307 En
236 3257 324 3308 eodem
338 3272 399 3308 aero
413 3259 470 3309 loco
483 3258 615 3315 discimus,
629 3271 666 3306 eac
677 3256 826 3307 huiusmodi
834 3256 981 3307 actionibus
994 3264 1060 3307 tres·

84 3331 167 3395 ,viros
180 3331 308 3393 capitales
325 3329 458 3379 iudicasse
471 3335 496 3378 et
509 3334 623 3378 actorem
638 3328 696 3378 sine
710 3328 832 3392 periculo
845 3342 893 3378 svo
907 3329 1059 3393 iitipovisse.

93 3400 132 3450 lex
146 3397 229 3468 Furia]
244 3401 279 3465 cs.
293 3411 315 3464 tt,
328 3410 375 3453 sse.
399 3400 436 3450 ies
453 3394 555 3467 biarcia]
569 3413 594 3447 a.
610 3414 634 3447 ιι,
648 3410 698 3450 sos.
719 3397 757 3463 Cf.
770 3398 815 3448 iib.
829 3414 910 3448 meam
925 3396 962 3450 ‘d
977 3398 1061 3449 Reabt

92 3472 140 3522 des
151 3469 264 3523 Nexvm’
272 3482 452 3536 praesepiis
470 3471 597 3535 conplures
607 3469 637 3519 ai.
648 3466 677 3537 1.]
686 3470 721 3534 es.
733 3470 762 3519 11.
770 3481 792 3522 s.
802 3470 834 3519 D.
843 3470 875 3519 de
882 3471 960 3520 oleat.
972 3468 1017 3537 (11,
1027 3468 1059 3537 a).

92 3539 118 3611 ξ.
135 3545 177 3594 25.
196 3543 247 3606 iege
271 3540 395 3611 Valeriai]
414 3559 439 3593 a.
459 3560 483 3594 n.
501 3554 550 3594 eta.
585 3541 623 3605 Os.
645 3538 683 3591 ‘d
699 3540 782 3591 Reebt
799 3541 825 3590 d.
841 3538 953 3591 Nenvm'
970 3557 998 3606 p.
1015 3553 1061 3595 145.

2 3634 3 3665 1
92 3614 224 3665 iudicatum
238 3612 313 3683 solui]
328 3616 363 3679 cs.
378 3617 402 3678 5.
416 3625 463 3666 aon.
481 3608 614 3680 uindicem]
631 3612 669 3677 Cf.
683 3615 728 3664 len
737 3615 821 3664 colon.
833 3611 919 3669 denes.
930 3612 980 3663 Iul.
991 3629 1014 3665 c.
1024 3625 1060 3667 or.

2 3672 3 3689 i

2 3692 3 3761 i
143 3718 243 3752 massae.
257 3718 336 3752 annm,
349 3719 402 3749 anu.
424 3718 462 3749 an.
476 3719 498 3750 v.
825 3701 858 3751 23
