2550 4000
232 218 296 284 210
523 233 584 271 ean
602 234 705 271 neom.
722 217 744 274 Ι.
763 221 906 272 tto-150.

235 379 368 435 honorem
381 376 528 435 sacerdotii
537 376 634 434 liberas
646 393 708 433 esse
715 377 878 434 uoluerunt:
890 379 983 456 itaque
995 377 1078 432 etiam
1089 376 1211 450 legem

234 461 385 520 tabularum
400 471 511 520 erutum
525 470 577 519 est.
613 457 679 520 146.
699 461 849 535 Nepotibus
864 470 954 518 antem
968 460 1161 536 neptibusque
1174 464 1210 516 ita

234 546 342 604 dentum
363 563 507 620 possumus
528 553 698 604 testamento
720 555 827 604 totores
852 546 933 616 dare,
958 548 1067 620 sipost
1087 555 1209 602 mortem

234 639 356 690 nostram
377 633 406 688 in
426 632 512 706 patris
532 633 575 688 sui
596 625 777 705 potestatem¹
799 633 919 688 recasuri
939 647 996 688 non
1010 633 1076 687 sint:
1113 631 1208 704 itaque

235 719 259 774 si
274 715 346 773 iilius
358 733 435 772 meus
450 717 547 773 mortis
557 731 632 772 meae
647 724 773 790 tempore
786 717 815 772 in
829 724 967 790 potestate
982 732 1043 772 mea
1057 717 1106 786 sit,
1120 731 1207 788 nepo-

236 809 288 873 tes,
311 817 381 874 quos
403 815 438 858 er
451 816 484 856 eo
501 795 631 878 (habeo),
653 816 707 857 non
722 794 887 874 ’poterent²
905 817 938 856 ex
959 808 1125 856 testamento
1146 815 1207 854 meo

236 885 335 942 habere
351 893 480 956 tutorem,
496 887 620 958 quamuis
635 887 664 940 in
675 893 813 958 potestate
823 901 883 941 mea
893 885 1012 953 inerint3
1025 884 1134 940 scilieet
1146 886 1206 957 qnia
1235 921 1239 931 .

237 977 346 1026 mortuo
369 986 412 1026 me
437 971 464 1025 in
496 972 579 1043 patris
602 970 644 1026 sui
667 977 805 1043 potestate
826 970 913 1026 futuri
934 977 1010 1027 suni.
1052 965 1118 1028 147.
1139 967 1205 1024 Cum
1216 977 1245 1032 [ut

237 1063 328 1111 tamen
349 1055 378 1110 in
400 1053 587 1128 compluribus
603 1054 663 1110 aliis
682 1056 771 1111 causis
793 1055 914 1129 postumi
936 1071 988 1128 pro
1004 1056 1058 1110 iam
1071 1056 1147 1110 natis
1163 1055 1206 1109 ira

237 1138 362 1208 beantur,
379 1141 443 1196 etin
456 1139 506 1196 hae
517 1155 597 1196 eausa
615 1139 728 1213 placuit,
743 1156 798 1196 uon
810 1140 901 1196 minus
916 1141 1145 1213 postumisquam
1158 1141 1206 1194 iam

237 1225 307 1280 natis
323 1230 487 1280 testamento
503 1232 611 1280 tutores
626 1223 685 1280 dari
700 1240 793 1297 posse,
815 1224 935 1280 simodo
955 1226 983 1280 in
998 1241 1030 1280 ea
1045 1239 1128 1279 eausa
1142 1225 1206 1292 sint,

238 1317 269 1365 ut
290 1310 313 1364 si
336 1309 410 1365 uiuis
429 1309 508 1365 nobis
531 1317 692 1377 naseuntur,
713 1309 742 1364 in
764 1317 903 1382 potestate
924 1316 1020 1365 nostra
1041 1307 1120 1366 flant.
1159 1309 1205 1363 hos

238 1384 366 1470 '(enim)³
388 1394 468 1449 etiam
491 1389 606 1450 heredes
627 1394 772 1449 instituere
794 1409 952 1468 possumus,
978 1408 1039 1449 oum
1062 1403 1205 1450 extraneos

239 1485 381 1549 postumos
392 1477 506 1533 heredes
518 1478 662 1534 instituere
673 1479 835 1550 permissum
842 1495 898 1535 non
908 1475 964 1536 'sit
987 1475 1055 1535 148.
1066 1470 1204 1556 (onr-i),

240 1553 327 1634 quae⁴¹
344 1563 371 1616 in
387 1577 468 1617 manu
483 1570 543 1634 est,
565 1561 680 1634 proinde
694 1579 726 1618 ae
741 1560 820 1633 tiliae,
842 1565 908 1620 item
925 1565 1015 1635 nurui,
1027 1551 1104 1637 'quae
1118 1565 1146 1618 in
1162 1561 1206 1616 iiiii

240 1661 325 1708 manu
337 1655 390 1715 est,
405 1645 519 1718 proinde
534 1663 565 1703 ac
577 1648 653 1720 nepti
669 1654 747 1702 tutor
761 1647 818 1703 dari
835 1657 938 1722 potest.
968 1645 1034 1706 lto.
1048 1649 1205 1704 Rectissime

240 1737 329 1786 autem
346 1738 423 1786 tutor
444 1731 482 1786 sie
504 1729 561 1788 dari
584 1738 695 1804 potest:
717 1747 837 1790 uvcwnr
857 1748 971 1790 mutuat
989 1747 1120 1790 arnume
1134 1747 1205 1789 mure

241 1831 389 1873 erronum
409 1814 462 1872 'oo
485 1809 560 1890 (uei)
586 1823 682 1866 UOR!
701 1810 817 1894 (MEAE)
836 1833 988 1874 erronum
1006 1812 1076 1877 no.⁵
1098 1834 1103 1842 ·
1119 1818 1205 1872 sedet

241 1900 264 1955 si
289 1899 329 1954 ita
352 1900 484 1972 scriptum
503 1901 554 1956 sit:
581 1915 707 1958 arenata
726 1917 803 1958 mnas
825 1902 870 1957 uei
888 1917 985 1959 vxoru
998 1918 1085 1959 monn
1102 1897 1205 1961 nmio

241 2000 346 2042 evron
371 1999 469 2057 esre,
496 1991 570 2042 reete
599 1984 681 2043 datus
706 1985 886 2061 intellegitur.
941 1981 1005 2045 150.
1033 1986 1064 2043 ln
1092 2004 1204 2062 persona

190 2078 231 2127 42.
244 2077 333 2126 tanmn
353 2062 359 2146 )
377 2070 488 2143 uxoris,
510 2086 580 2144 quae
601 2072 630 2127 in
652 2086 734 2127 manu
754 2080 807 2142 est,
829 2080 939 2144 recepta
953 2080 997 2128 est
1011 2074 1092 2128 etiam
1108 2074 1205 2129 tutoris

242 2156 329 2229 optio,
346 2154 372 2210 id
389 2162 439 2225 est,
456 2164 488 2211 ut
499 2155 579 2224 liceat
594 2158 619 2211 ei
634 2158 803 2229 permittere,
825 2172 905 2230 quem
921 2156 989 2213 ueiit
1002 2158 1073 2231 ipsa,
1088 2166 1204 2213 tutorem

242 2239 292 2296 sihi
307 2249 413 2313 optare,
428 2240 481 2296 hoe
496 2239 592 2296 modo:
609 2256 718 2297 maraon
733 2256 830 2299 vxom
843 2256 930 2297 mnan
944 2256 1083 2300 rv‘rorus
1099 2258 1205 2299 ormo·

241 2340 306 2381 uum
331 2339 385 2380 no.
428 2340 483 2397 quo
505 2341 569 2380 casu
591 2324 658 2381 licet
680 2326 759 2381 uxori
779 2322 926 2398 ’(totorem
949 2320 1084 2403 optare)⁶
1110 2328 1155 2384 uei
1182 2328 1205 2381 in

318 2470 337 2537 1)
352 2474 404 2522 iure
423 2475 543 2524 irruerunt
558 2475 584 2524 0.
603 2476 662 2525 edd.
689 2476 748 2526 Vict.
765 2474 871 2527 ‘Gaius’
883 2494 911 2541 p.
927 2490 960 2530 23.
1026 2474 1047 2544 ¹)
1061 2482 1169 2542 poterint
1183 2479 1205 2528 C.

243 2544 352 2607 poterint
371 2545 410 2594 ed.
429 2544 478 2610 By.
544 2542 564 2613 ³)
580 2546 690 2596 Addidi.
755 2544 777 2613 ⁴)
793 2550 841 2597 sint
859 2564 920 2613 qnae
939 2551 1015 2598 etiam
1038 2547 1090 2599 W.
1119 2552 1207 2600 Aner

244 2616 276 2664 sit
289 2630 319 2664 uo
333 2618 411 2679 quae?
426 2617 477 2667 oid.
492 2632 563 2681 sequ.
576 2625 628 2670 not.
696 2616 717 2683 ¹⁵)
733 2619 841 2668 doiietnt
851 2620 882 2668 do
897 2616 950 2668 γ’).
973 2635 1067 2671 errore
1073 2630 1142 2685 puta
1152 2623 1206 2671 inde

243 2694 313 2745 noto,
328 2688 397 2751 quod
410 2695 471 2738 nota
489 2691 623 2754 antiquior
637 2705 667 2739 ne
682 2710 717 2732 ε.
731 2704 790 2739 uxor
808 2691 855 2755 (ef.
875 2691 981 2743 Puteoli.
997 2708 1025 2755 p.
1041 2692 1115 2759 1538),
1138 2696 1206 2743 eninr

243 2760 352 2825 oestipiu
367 2760 394 2808 iu
409 2772 429 2823 1,
445 2771 491 2811 843.
516 2767 541 2809 et
559 2762 697 2824 aliquoties
715 2763 743 2810 in
762 2761 868 2825 Ulpiani
883 2763 1040 2827 frapmentie
1056 2763 1103 2829 (ef.
1124 2765 1215 2815 Fieri.

244 2832 313 2879 einen
330 2830 360 2879 N.
375 2830 466 2880 Jatro.
482 2832 505 2894 f.
526 2831 620 2882 Ptitot.
640 2832 759 2881 LXXV
769 2848 797 2895 p.
813 2833 863 2897 eto)
882 2841 1033 2897 comparent
1049 2850 1165 2901 quaeque
1182 2838 1206 2884 in

244 2902 385 2966 archetypo
396 2902 513 2951 adhibita
521 2904 606 2966 fnisse
616 2904 728 2961 videtur,
743 2903 854 2953 librario
865 2906 998 2969 incognita
1007 2914 1073 2955 erat.
1097 2923 1135 2959 no
1143 2920 1205 2957 nano

245 2980 285 3021 ant
302 2987 338 3021 no
358 2972 398 3021 ed.
413 2988 468 3022 mea
485 2985 506 3024 3.
529 2990 566 3023 no
581 2975 620 3023 ed.
636 2973 711 3023 Stati.
777 2970 798 3039 6)
813 2975 856 3025 Ita
869 2975 1028 3026 boehmeri.
1044 2975 1162 3043 (FeseHit
1178 2980 1205 3026 ii·

245 3042 363 3091 brarinm
376 3044 517 3094 similitudo
532 3046 680 3097 litterarum
692 3054 715 3094 -t
729 3046 809 3095 umori
820 3053 846 3095 et
859 3053 903 3095 tut.
918 3046 1033 3113 opt-are.)
1050 3047 1158 3114 (eligere
1170 3056 1205 3097 tu·

246 3112 336 3177 torem)
359 3113 399 3162 ed.
418 3113 467 3179 Bp.
491 3113 540 3180 (ita
563 3118 668 3176 testari,
693 3124 721 3165 ut
743 3123 853 3166 tutorem
876 3124 968 3180 optare
991 3118 1080 3185 liceat)
1105 3128 1206 3171 anctore

222 3188 225 3194 ¹
247 3182 401 3233 Mommseno
420 3185 460 3233 ed.
478 3184 568 3243 Stud.,·
586 3204 728 3251 perperam
746 3195 868 3252 quantum
885 3190 974 3247 video,
993 3198 1019 3239 et
1037 3198 1132 3240 eontra
1152 3191 1207 3241 Gaii

246 3262 363 3313 mentem,
378 3270 412 3303 ere
427 3270 478 3319 qua
493 3272 543 3307 non
558 3260 690 3309 testatoris
704 3266 750 3318 eet,
763 3259 811 3308 red
818 3261 944 3322 mulieris,
959 3259 1021 3311 data
1030 3264 1134 3326 optione
1148 3263 1206 3330 (eine

317 3394 343 3465 §.
360 3399 507 3459 146.--§.
523 3411 543 3449 o.
563 3399 640 3450 Ltit.
655 3402 698 3450 eit.
763 3397 788 3468 ξ
806 3403 944 3463 1425.
958 3414 980 3453 4.
999 3403 1172 3469 Lim—Os.
1186 3418 1205 3462 2,

247 3480 293 3519 1eo.
308 3480 355 3519 me.
411 3465 437 3536 §.
455 3470 514 3521 148.
531 3470 569 3533 Of.
585 3472 608 3533 3.
624 3482 672 3521 ιιι.
691 3484 712 3533 2,
727 3483 774 3523 roo.
827 3469 853 3540 §-
870 3475 930 3523 149.
946 3473 984 3537 Os.
1000 3488 1020 3537 e,
1035 3486 1083 3527 een.
1098 3488 1144 3528 ree.
1164 3476 1203 3525 it.

252 3539 372 3592 Vatiae·
438 3536 645 3609 §5150-153.
663 3542 701 3605 Os.
713 3542 866 3605 Lio.39‚19.
896 3542 1203 3610 Ptaut.iruc.4‚4.v.o.

247 3609 307 3657 Leon
323 3610 392 3659 Fiam
408 3610 480 3675 Saip.
495 3624 528 3662 22.
