<?xml version="1.0" encoding="UTF-8"?>
<!DOCTYPE html PUBLIC "-//W3C//DTD XHTML 1.0 Transitional//EN"
    "http://www.w3.org/TR/xhtml1/DTD/xhtml1-transitional.dtd">
<html xmlns="http://www.w3.org/1999/xhtml" xml:lang="en" lang="en">
 <head>
  <title>
</title>
<meta http-equiv="Content-Type" content="text/html;charset=utf-8" />
  <meta name='ocr-system' content='tesseract 3.04.00' />
  <meta name='ocr-capabilities' content='ocr_page ocr_carea ocr_par ocr_line ocrx_word'/>
</head>
<body>
  <div class='ocr_page' id='page_1' title='image "./gaiiinstitution00kbgoog_0142.png"; bbox 0 0 2550 4000; ppageno 0'>
   <div class='ocr_carea' id='block_1_1' title="bbox 196 163 722 228">
    <p class='ocr_par' dir='ltr' id='par_1_1' title="bbox 196 163 722 228">
     <span class='ocr_line' id='line_1_1' title="bbox 196 163 722 228; baseline 0.004 -2"><span class='ocrx_word' id='word_1_1' title='bbox 196 163 257 228; x_wconf 76' lang='lat'><strong>170</strong></span> <span class='ocrx_word' id='word_1_2' title='bbox 629 177 722 218; x_wconf 56' lang='lat' dir='ltr'><strong>⁰1¹*ss-</strong></span> 
     </span>
    </p>
   </div>
   <div class='ocr_carea' id='block_1_2' title="bbox 193 311 1164 528">
    <p class='ocr_par' dir='ltr' id='par_1_2' title="bbox 193 311 1164 528">
     <span class='ocr_line' id='line_1_2' title="bbox 193 311 1163 436; baseline -0.004 -68"><span class='ocrx_word' id='word_1_3' title='bbox 193 317 292 436; x_wconf 58' lang='lat' dir='ltr'><strong>5euus)</strong></span> <span class='ocrx_word' id='word_1_4' title='bbox 310 315 403 368; x_wconf 91' lang='lat' dir='ltr'><strong>locum</strong></span> <span class='ocrx_word' id='word_1_5' title='bbox 422 316 544 367; x_wconf 82' lang='lat' dir='ltr'><strong>mutasse</strong></span> <span class='ocrx_word' id='word_1_6' title='bbox 557 311 699 391; x_wconf 67' lang='lat' dir='ltr'><strong>ridentur,</strong></span> <span class='ocrx_word' id='word_1_7' title='bbox 718 312 860 367; x_wconf 89' lang='lat' dir='ltr'><strong>delectum</strong></span> <span class='ocrx_word' id='word_1_8' title='bbox 872 314 984 365; x_wconf 85' lang='lat' dir='ltr'><strong>tanturn</strong></span> <span class='ocrx_word' id='word_1_9' title='bbox 996 312 1163 390; x_wconf 79' lang='lat' dir='ltr'><strong>graviorum</strong></span> 
     </span>
     <span class='ocr_line' id='line_1_3' title="bbox 214 379 1164 440; baseline -0.004 -4"><span class='ocrx_word' id='word_1_10' title='bbox 214 383 269 440; x_wconf 78' lang='lat' dir='ltr'><strong>edu</strong></span> <span class='ocrx_word' id='word_1_11' title='bbox 304 382 397 436; x_wconf 89' lang='lat' dir='ltr'><strong>Bonus</strong></span> <span class='ocrx_word' id='word_1_12' title='bbox 439 380 622 436; x_wconf 80' lang='lat' dir='ltr'><strong>aterfamrhae</strong></span> <span class='ocrx_word' id='word_1_13' title='bbox 645 382 731 434; x_wconf 76' lang='lat' dir='ltr'><strong>etiam</strong></span> <span class='ocrx_word' id='word_1_14' title='bbox 753 380 866 434; x_wconf 89' lang='lat' dir='ltr'><strong>deserta</strong></span> <span class='ocrx_word' id='word_1_15' title='bbox 891 379 956 434; x_wconf 90' lang='lat' dir='ltr'><strong>loca</strong></span> <span class='ocrx_word' id='word_1_16' title='bbox 976 380 1024 433; x_wconf 86' lang='lat' dir='ltr'><strong>vel</strong></span> <span class='ocrx_word' id='word_1_17' title='bbox 1046 395 1164 434; x_wconf 80' lang='lat' dir='ltr'><strong>ruinosa</strong></span> 
     </span>
     <span class='ocr_line' id='line_1_4' title="bbox 193 399 1163 528; baseline -0.003 -25"><span class='ocrx_word' id='word_1_18' title='bbox 193 451 338 504; x_wconf 88' lang='lat' dir='ltr'><strong>fructuosa</strong></span> <span class='ocrx_word' id='word_1_19' title='bbox 359 399 489 528; x_wconf 41' lang='lat' dir='ltr'><strong>reddere·</strong></span> <span class='ocrx_word' id='word_1_20' title='bbox 502 449 588 517; x_wconf 89' lang='lat' dir='ltr'><strong>cupit.</strong></span> <span class='ocrx_word' id='word_1_21' title='bbox 627 448 727 514; x_wconf 87' lang='lat' dir='ltr'><strong>Itaque</strong></span> <span class='ocrx_word' id='word_1_22' title='bbox 756 447 921 525; x_wconf 79' lang='lat' dir='ltr'><strong>supplendis</strong></span> <span class='ocrx_word' id='word_1_23' title='bbox 946 447 994 513; x_wconf 89' lang='lat' dir='ltr'><strong>iis,</strong></span> <span class='ocrx_word' id='word_1_24' title='bbox 1022 464 1096 515; x_wconf 87' lang='lat' dir='ltr'><strong>quae</strong></span> <span class='ocrx_word' id='word_1_25' title='bbox 1124 447 1163 500; x_wconf 89' lang='lat' dir='ltr'><strong>ab</strong></span> 
     </span>
    </p>
   </div>
   <div class='ocr_carea' id='block_1_3' title="bbox 193 514 1165 584">
    <p class='ocr_par' dir='ltr' id='par_1_3' title="bbox 193 514 1165 584">
     <span class='ocr_line' id='line_1_5' title="bbox 193 514 1165 584; baseline -0.004 -13"><span class='ocrx_word' id='word_1_26' title='bbox 193 518 411 571; x_wconf 78' lang='lat' dir='ltr'><strong>amanuensibus</strong></span> <span class='ocrx_word' id='word_1_27' title='bbox 434 533 536 570; x_wconf 78' lang='lat' dir='ltr'><strong>omissa</strong></span> <span class='ocrx_word' id='word_1_28' title='bbox 558 518 624 569; x_wconf 93' lang='lat' dir='ltr'><strong>sunt</strong></span> <span class='ocrx_word' id='word_1_29' title='bbox 646 532 756 584; x_wconf 84' lang='lat' dir='ltr'><strong>quaeve</strong></span> <span class='ocrx_word' id='word_1_30' title='bbox 779 531 893 568; x_wconf 88' lang='lat' dir='ltr'><strong>omnmo</strong></span> <span class='ocrx_word' id='word_1_31' title='bbox 920 516 971 568; x_wconf 85' lang='lat' dir='ltr'><strong>sut</strong></span> <span class='ocrx_word' id='word_1_32' title='bbox 996 519 1074 568; x_wconf 88' lang='lat' dir='ltr'><strong>certo</strong></span> <span class='ocrx_word' id='word_1_33' title='bbox 1103 514 1165 584; x_wconf 80' lang='lat' dir='ltr'><strong>legi</strong></span> 
     </span>
    </p>
   </div>
   <div class='ocr_carea' id='block_1_4' title="bbox 192 582 1255 655">
    <p class='ocr_par' dir='ltr' id='par_1_4' title="bbox 192 582 1255 655">
     <span class='ocr_line' id='line_1_6' title="bbox 192 582 1255 655; baseline -0.003 -17"><span class='ocrx_word' id='word_1_34' title='bbox 192 602 249 640; x_wconf 93' lang='lat' dir='ltr'><strong>non</strong></span> <span class='ocrx_word' id='word_1_35' title='bbox 267 587 430 655; x_wconf 89' lang='lat' dir='ltr'><strong>potuerunt,</strong></span> <span class='ocrx_word' id='word_1_36' title='bbox 447 601 522 638; x_wconf 92' lang='lat' dir='ltr'><strong>nunc</strong></span> <span class='ocrx_word' id='word_1_37' title='bbox 540 600 653 652; x_wconf 90' lang='lat' dir='ltr'><strong>quoque</strong></span> <span class='ocrx_word' id='word_1_38' title='bbox 665 583 838 653; x_wconf 75' lang='lat' dir='ltr'><strong>peculiarem</strong></span> <span class='ocrx_word' id='word_1_39' title='bbox 850 599 967 652; x_wconf 86' lang='lat' dir='ltr'><strong>operam</strong></span> <span class='ocrx_word' id='word_1_40' title='bbox 977 582 1091 648; x_wconf 81' lang='lat' dir='ltr'><strong>navari,</strong></span> <span class='ocrx_word' id='word_1_41' title='bbox 1109 582 1165 636; x_wconf 87' lang='lat' dir='ltr'><strong>sed</strong></span> <span class='ocrx_word' id='word_1_42' title='bbox 1253 625 1255 628; x_wconf 56' lang='grc'>,</span> 
     </span>
    </p>
   </div>
   <div class='ocr_carea' id='block_1_5' title="bbox 193 651 1165 925">
    <p class='ocr_par' dir='ltr' id='par_1_5' title="bbox 193 651 1165 925">
     <span class='ocr_line' id='line_1_7' title="bbox 194 651 1164 722; baseline -0.006 -14"><span class='ocrx_word' id='word_1_43' title='bbox 194 670 256 708; x_wconf 88' lang='lat' dir='ltr'><strong>eam</strong></span> <span class='ocrx_word' id='word_1_44' title='bbox 274 654 397 706; x_wconf 88' lang='lat' dir='ltr'><strong>maxime</strong></span> <span class='ocrx_word' id='word_1_45' title='bbox 415 654 487 718; x_wconf 90' lang='lat' dir='ltr'><strong>tum,</strong></span> <span class='ocrx_word' id='word_1_46' title='bbox 505 652 555 705; x_wconf 89' lang='lat' dir='ltr'><strong>ubi</strong></span> <span class='ocrx_word' id='word_1_47' title='bbox 573 652 608 706; x_wconf 90' lang='lat' dir='ltr'><strong>de</strong></span> <span class='ocrx_word' id='word_1_48' title='bbox 625 651 830 722; x_wconf 76' lang='lat' dir='ltr'><strong>supplementis</strong></span> <span class='ocrx_word' id='word_1_49' title='bbox 842 653 871 704; x_wconf 92' lang='lat' dir='ltr'><strong>in</strong></span> <span class='ocrx_word' id='word_1_50' title='bbox 885 653 995 705; x_wconf 83' lang='lat' dir='ltr'><strong>textum</strong></span> <span class='ocrx_word' id='word_1_51' title='bbox 1008 651 1164 705; x_wconf 86' lang='lat' dir='ltr'><strong>admitten-</strong></span> 
     </span>
     <span class='ocr_line' id='line_1_8' title="bbox 194 718 1165 789; baseline -0.003 -15"><span class='ocrx_word' id='word_1_52' title='bbox 194 721 237 774; x_wconf 90' lang='lat' dir='ltr'><strong>dis</strong></span> <span class='ocrx_word' id='word_1_53' title='bbox 255 722 450 789; x_wconf 72' lang='lat' dir='ltr'><strong>quaereretur,</strong></span> <span class='ocrx_word' id='word_1_54' title='bbox 474 736 537 774; x_wconf 91' lang='lat' dir='ltr'><strong>cum</strong></span> <span class='ocrx_word' id='word_1_55' title='bbox 555 720 611 772; x_wconf 88' lang='lat' dir='ltr'><strong>iam</strong></span> <span class='ocrx_word' id='word_1_56' title='bbox 630 726 707 773; x_wconf 87' lang='lat' dir='ltr'><strong>certo</strong></span> <span class='ocrx_word' id='word_1_57' title='bbox 725 720 911 773; x_wconf 82' lang='lat' dir='ltr'><strong>fundamento</strong></span> <span class='ocrx_word' id='word_1_58' title='bbox 928 719 1105 786; x_wconf 71' lang='lat' dir='ltr'><strong>insistamus,</strong></span> <span class='ocrx_word' id='word_1_59' title='bbox 1124 718 1165 771; x_wconf 86' lang='lat' dir='ltr'><strong>ad</strong></span> 
     </span>
     <span class='ocr_line' id='line_1_9' title="bbox 194 787 1165 856; baseline -0.004 -14"><span class='ocrx_word' id='word_1_60' title='bbox 194 789 307 842; x_wconf 77' lang='lat' dir='ltr'><strong>cnticae</strong></span> <span class='ocrx_word' id='word_1_61' title='bbox 326 789 395 841; x_wconf 88' lang='lat' dir='ltr'><strong>artis</strong></span> <span class='ocrx_word' id='word_1_62' title='bbox 413 789 541 856; x_wconf 82' lang='lat' dir='ltr'><strong>regulam</strong></span> <span class='ocrx_word' id='word_1_63' title='bbox 559 788 683 841; x_wconf 74' lang='lat' dir='ltr'><strong>strictius</strong></span> <span class='ocrx_word' id='word_1_64' title='bbox 700 789 870 844; x_wconf 83' lang='lat' dir='ltr'><strong>revocatam.</strong></span> <span class='ocrx_word' id='word_1_65' title='bbox 904 787 949 840; x_wconf 87' lang='lat' dir='ltr'><strong>Ad</strong></span> <span class='ocrx_word' id='word_1_66' title='bbox 967 803 1081 840; x_wconf 89' lang='lat' dir='ltr'><strong>sensum</strong></span> <span class='ocrx_word' id='word_1_67' title='bbox 1096 803 1130 840; x_wconf 86' lang='lat' dir='ltr'><strong>su</strong></span> <span class='ocrx_word' id='word_1_68' title='bbox 1153 815 1165 826; x_wconf 91' lang='lat'><em>·</em></span> 
     </span>
     <span class='ocr_line' id='line_1_10' title="bbox 193 854 1164 925; baseline -0.004 -15"><span class='ocrx_word' id='word_1_69' title='bbox 193 855 273 925; x_wconf 88' lang='lat' dir='ltr'><strong>pleta</strong></span> <span class='ocrx_word' id='word_1_70' title='bbox 290 856 350 909; x_wconf 89' lang='lat' dir='ltr'><strong>sive</strong></span> <span class='ocrx_word' id='word_1_71' title='bbox 374 855 505 910; x_wconf 86' lang='lat' dir='ltr'><strong>deleticia</strong></span> <span class='ocrx_word' id='word_1_72' title='bbox 522 855 579 909; x_wconf 86' lang='lat' dir='ltr'><strong>sive</strong></span> <span class='ocrx_word' id='word_1_73' title='bbox 599 856 703 908; x_wconf 86' lang='lat' dir='ltr'><strong>omissa</strong></span> <span class='ocrx_word' id='word_1_74' title='bbox 720 857 751 908; x_wconf 90' lang='lat' dir='ltr'><strong>et</strong></span> <span class='ocrx_word' id='word_1_75' title='bbox 771 857 838 908; x_wconf 91' lang='lat' dir='ltr'><strong>tunc</strong></span> <span class='ocrx_word' id='word_1_76' title='bbox 856 854 1016 908; x_wconf 87' lang='lat' dir='ltr'><strong>huiusmodi</strong></span> <span class='ocrx_word' id='word_1_77' title='bbox 1034 854 1115 907; x_wconf 89' lang='lat' dir='ltr'><strong>uncis</strong></span> <span class='ocrx_word' id='word_1_78' title='bbox 1154 855 1164 921; x_wconf 93' lang='lat'><em>)</em></span> 
     </span>
    </p>
   </div>
   <div class='ocr_carea' id='block_1_6' title="bbox 194 921 1255 1069">
    <p class='ocr_par' dir='ltr' id='par_1_6' title="bbox 194 921 1255 1069">
     <span class='ocr_line' id='line_1_11' title="bbox 194 921 1255 1003; baseline -0.001 -27"><span class='ocrx_word' id='word_1_79' title='bbox 194 926 296 1003; x_wconf 79' lang='lat' dir='ltr'><strong>saepta</strong></span> <span class='ocrx_word' id='word_1_80' title='bbox 311 939 481 1000; x_wconf 76' lang='lat' dir='ltr'><strong>quamquam</strong></span> <span class='ocrx_word' id='word_1_81' title='bbox 493 923 523 976; x_wconf 86' lang='lat' dir='ltr'><strong>in</strong></span> <span class='ocrx_word' id='word_1_82' title='bbox 540 923 597 976; x_wconf 89' lang='lat' dir='ltr'><strong>illis</strong></span> <span class='ocrx_word' id='word_1_83' title='bbox 615 922 701 1001; x_wconf 88' lang='lat' dir='ltr'><strong>spatii</strong></span> <span class='ocrx_word' id='word_1_84' title='bbox 718 938 830 1001; x_wconf 75' lang='lat' dir='ltr'><strong>semper</strong></span> <span class='ocrx_word' id='word_1_85' title='bbox 842 924 872 976; x_wconf 87' lang='lat' dir='ltr'><strong>et</strong></span> <span class='ocrx_word' id='word_1_86' title='bbox 886 924 936 976; x_wconf 89' lang='lat' dir='ltr'><strong>ubi</strong></span> <span class='ocrx_word' id='word_1_87' title='bbox 952 921 1166 1000; x_wconf 79' lang='lat' dir='ltr'><strong>licebatetiam</strong></span> <span class='ocrx_word' id='word_1_88' title='bbox 1253 924 1255 992; x_wconf 68' lang='lat' dir='ltr'><strong>j</strong></span> 
     </span>
     <span class='ocr_line' id='line_1_12' title="bbox 194 990 1255 1069; baseline 0.003 -25"><span class='ocrx_word' id='word_1_89' title='bbox 194 993 557 1069; x_wconf 77' lang='lat' dir='ltr'><strong>vest1grorumscr1pturae</strong></span> <span class='ocrx_word' id='word_1_90' title='bbox 580 992 719 1044; x_wconf 81' lang='lat' dir='ltr'><strong>rationem</strong></span> <span class='ocrx_word' id='word_1_91' title='bbox 740 990 843 1055; x_wconf 90' lang='lat' dir='ltr'><strong>habu1,</strong></span> <span class='ocrx_word' id='word_1_92' title='bbox 871 1007 908 1044; x_wconf 89' lang='lat' dir='ltr'><strong>ne</strong></span> <span class='ocrx_word' id='word_1_93' title='bbox 935 992 1032 1044; x_wconf 83' lang='lat' dir='ltr'><strong>tamen</strong></span> <span class='ocrx_word' id='word_1_94' title='bbox 1059 990 1102 1043; x_wconf 81' lang='lat' dir='ltr'><strong>rte</strong></span> <span class='ocrx_word' id='word_1_95' title='bbox 1128 1005 1166 1043; x_wconf 88' lang='lat' dir='ltr'><strong>ea</strong></span> <span class='ocrx_word' id='word_1_96' title='bbox 1253 1008 1255 1047; x_wconf 68' lang='lat' dir='ltr'><strong>l</strong></span> 
     </span>
    </p>
   </div>
   <div class='ocr_carea' id='block_1_7' title="bbox 195 1056 1255 1262">
    <p class='ocr_par' dir='ltr' id='par_1_7' title="bbox 195 1056 1255 1262">
     <span class='ocr_line' id='line_1_13' title="bbox 195 1056 1255 1129; baseline -0.004 -17"><span class='ocrx_word' id='word_1_97' title='bbox 195 1059 371 1126; x_wconf 89' lang='lat' dir='ltr'><strong>accrpiantur</strong></span> <span class='ocrx_word' id='word_1_98' title='bbox 388 1075 420 1111; x_wconf 86' lang='lat' dir='ltr'><strong>ac</strong></span> <span class='ocrx_word' id='word_1_99' title='bbox 444 1059 468 1111; x_wconf 90' lang='lat' dir='ltr'><strong>si</strong></span> <span class='ocrx_word' id='word_1_100' title='bbox 484 1058 547 1112; x_wconf 87' lang='lat' dir='ltr'><strong>aliis</strong></span> <span class='ocrx_word' id='word_1_101' title='bbox 569 1059 663 1112; x_wconf 88' lang='lat' dir='ltr'><strong>verbis</strong></span> <span class='ocrx_word' id='word_1_102' title='bbox 686 1058 814 1126; x_wconf 87' lang='lat' dir='ltr'><strong>suppleri</strong></span> <span class='ocrx_word' id='word_1_103' title='bbox 830 1075 887 1112; x_wconf 93' lang='lat' dir='ltr'><strong>non</strong></span> <span class='ocrx_word' id='word_1_104' title='bbox 909 1058 1032 1126; x_wconf 88' lang='lat' dir='ltr'><strong>possint,</strong></span> <span class='ocrx_word' id='word_1_105' title='bbox 1053 1056 1102 1112; x_wconf 83' lang='lat' dir='ltr'><strong>vix</strong></span> <span class='ocrx_word' id='word_1_106' title='bbox 1120 1058 1167 1110; x_wconf 89' lang='lat' dir='ltr'><strong>est</strong></span> <span class='ocrx_word' id='word_1_107' title='bbox 1253 1059 1255 1129; x_wconf 57' lang='lat' dir='ltr'>j</span> 
     </span>
     <span class='ocr_line' id='line_1_14' title="bbox 195 1127 1255 1180; baseline -0.005 0"><span class='ocrx_word' id='word_1_108' title='bbox 195 1127 349 1180; x_wconf 88' lang='lat' dir='ltr'><strong>utiterum</strong></span> <span class='ocrx_word' id='word_1_109' title='bbox 367 1142 506 1180; x_wconf 89' lang='lat' dir='ltr'><strong>moneam.</strong></span> <span class='ocrx_word' id='word_1_110' title='bbox 1253 1135 1255 1154; x_wconf 43' lang='grc' dir='ltr'>ἰ</span> 
     </span>
     <span class='ocr_line' id='line_1_15' title="bbox 263 1192 1168 1262; baseline -0.002 -14"><span class='ocrx_word' id='word_1_111' title='bbox 263 1193 395 1248; x_wconf 84' lang='lat' dir='ltr'><strong>Ceterum</strong></span> <span class='ocrx_word' id='word_1_112' title='bbox 408 1195 438 1247; x_wconf 88' lang='lat' dir='ltr'><strong>et</strong></span> <span class='ocrx_word' id='word_1_113' title='bbox 450 1210 497 1248; x_wconf 89' lang='lat' dir='ltr'><strong>sas</strong></span> <span class='ocrx_word' id='word_1_114' title='bbox 510 1195 613 1248; x_wconf 88' lang='lat' dir='ltr'><strong>codicis</strong></span> <span class='ocrx_word' id='word_1_115' title='bbox 624 1195 730 1262; x_wconf 87' lang='lat' dir='ltr'><strong>partes,</strong></span> <span class='ocrx_word' id='word_1_116' title='bbox 749 1192 852 1260; x_wconf 90' lang='lat' dir='ltr'><strong>quibus</strong></span> <span class='ocrx_word' id='word_1_117' title='bbox 865 1209 900 1246; x_wconf 86' lang='lat' dir='ltr'><strong>ex</strong></span> <span class='ocrx_word' id='word_1_118' title='bbox 912 1194 1076 1262; x_wconf 80' lang='lat' dir='ltr'><strong>apographo</strong></span> <span class='ocrx_word' id='word_1_119' title='bbox 1089 1209 1168 1247; x_wconf 80' lang='lat' dir='ltr'><strong>nova</strong></span> 
     </span>
    </p>
   </div>
   <div class='ocr_carea' id='block_1_8' title="bbox 194 1260 1255 1340">
    <p class='ocr_par' dir='ltr' id='par_1_8' title="bbox 194 1260 1255 1340">
     <span class='ocr_line' id='line_1_16' title="bbox 194 1260 1255 1340; baseline -0.001 -25"><span class='ocrx_word' id='word_1_120' title='bbox 194 1263 242 1315; x_wconf 87' lang='lat' dir='ltr'><strong>lux</strong></span> <span class='ocrx_word' id='word_1_121' title='bbox 260 1277 316 1315; x_wconf 90' lang='lat' dir='ltr'><strong>uon</strong></span> <span class='ocrx_word' id='word_1_122' title='bbox 336 1261 454 1327; x_wconf 83' lang='lat' dir='ltr'><strong>ali&#39;ulsit,</strong></span> <span class='ocrx_word' id='word_1_123' title='bbox 479 1262 572 1316; x_wconf 90' lang='lat' dir='ltr'><strong>denuo</strong></span> <span class='ocrx_word' id='word_1_124' title='bbox 590 1262 720 1315; x_wconf 87' lang='lat' dir='ltr'><strong>recensui</strong></span> <span class='ocrx_word' id='word_1_125' title='bbox 738 1263 767 1314; x_wconf 90' lang='lat' dir='ltr'><strong>et</strong></span> <span class='ocrx_word' id='word_1_126' title='bbox 787 1260 817 1313; x_wconf 93' lang='lat' dir='ltr'><strong>in</strong></span> <span class='ocrx_word' id='word_1_127' title='bbox 834 1261 876 1340; x_wconf 29' lang='lat' dir='ltr'><strong>iis,</strong></span> <span class='ocrx_word' id='word_1_128' title='bbox 888 1277 1000 1340; x_wconf 81' lang='lat' dir='ltr'><strong>quoque</strong></span> <span class='ocrx_word' id='word_1_129' title='bbox 1018 1276 1075 1314; x_wconf 89' lang='lat' dir='ltr'><strong>non</strong></span> <span class='ocrx_word' id='word_1_130' title='bbox 1093 1277 1166 1328; x_wconf 88' lang='lat' dir='ltr'><strong>pau·</strong></span> <span class='ocrx_word' id='word_1_131' title='bbox 1253 1291 1255 1338; x_wconf 64' lang='lat'>3</span> 
     </span>
    </p>
   </div>
   <div class='ocr_carea' id='block_1_9' title="bbox 195 1327 1255 1586">
    <p class='ocr_par' dir='ltr' id='par_1_9' title="bbox 195 1327 1255 1477">
     <span class='ocr_line' id='line_1_17' title="bbox 195 1327 1137 1384; baseline 0.001 -2"><span class='ocrx_word' id='word_1_132' title='bbox 195 1345 291 1382; x_wconf 87' lang='lat' dir='ltr'><strong>corum</strong></span> <span class='ocrx_word' id='word_1_133' title='bbox 308 1330 435 1382; x_wconf 92' lang='lat' dir='ltr'><strong>locorum</strong></span> <span class='ocrx_word' id='word_1_134' title='bbox 453 1330 593 1384; x_wconf 84' lang='lat' dir='ltr'><strong>saniorem</strong></span> <span class='ocrx_word' id='word_1_135' title='bbox 611 1328 763 1382; x_wconf 88' lang='lat' dir='ltr'><strong>lectionem</strong></span> <span class='ocrx_word' id='word_1_136' title='bbox 780 1329 921 1382; x_wconf 82' lang='lat' dir='ltr'><strong>invenisse</strong></span> <span class='ocrx_word' id='word_1_137' title='bbox 939 1327 1009 1382; x_wconf 78' lang='lat' dir='ltr'><strong>mihi</strong></span> <span class='ocrx_word' id='word_1_138' title='bbox 1027 1328 1137 1383; x_wconf 88' lang='lat' dir='ltr'><strong>videor.</strong></span> 
     </span>
     <span class='ocr_line' id='line_1_18' title="bbox 262 1396 1255 1477; baseline 0 -27"><span class='ocrx_word' id='word_1_139' title='bbox 262 1397 340 1451; x_wconf 88' lang='lat' dir='ltr'><strong>Haec</strong></span> <span class='ocrx_word' id='word_1_140' title='bbox 358 1397 394 1451; x_wconf 90' lang='lat' dir='ltr'><strong>de</strong></span> <span class='ocrx_word' id='word_1_141' title='bbox 413 1397 528 1450; x_wconf 85' lang='lat' dir='ltr'><strong>consilio</strong></span> <span class='ocrx_word' id='word_1_142' title='bbox 546 1398 577 1450; x_wconf 90' lang='lat' dir='ltr'><strong>et</strong></span> <span class='ocrx_word' id='word_1_143' title='bbox 593 1397 703 1473; x_wconf 80' lang='lat' dir='ltr'><strong>ratione</strong></span> <span class='ocrx_word' id='word_1_144' title='bbox 722 1412 812 1449; x_wconf 84' lang='lat' dir='ltr'><strong>novae</strong></span> <span class='ocrx_word' id='word_1_145' title='bbox 830 1396 961 1450; x_wconf 78' lang='lat' dir='ltr'><strong>editionis</strong></span> <span class='ocrx_word' id='word_1_146' title='bbox 985 1397 1167 1474; x_wconf 80' lang='lat' dir='ltr'><strong>praemonita</strong></span> <span class='ocrx_word' id='word_1_147' title='bbox 1253 1455 1255 1477; x_wconf 53' lang='grc' dir='ltr'>Ι</span> 
     </span>
    </p>

    <p class='ocr_par' dir='ltr' id='par_1_10' title="bbox 195 1464 1255 1585">
     <span class='ocr_line' id='line_1_19' title="bbox 195 1464 1255 1585; baseline -0.001 -68"><span class='ocrx_word' id='word_1_148' title='bbox 195 1464 418 1585; x_wconf 72' lang='lat' dir='ltr'><strong>sufficeredretus</strong></span> <span class='ocrx_word' id='word_1_149' title='bbox 434 1464 651 1520; x_wconf 87' lang='lat' dir='ltr'><strong>benevoleutrae</strong></span> <span class='ocrx_word' id='word_1_150' title='bbox 668 1480 732 1518; x_wconf 86' lang='lat' dir='ltr'><strong>eam</strong></span> <span class='ocrx_word' id='word_1_151' title='bbox 751 1479 856 1528; x_wconf 88' lang='lat' dir='ltr'><strong>eorum,</strong></span> <span class='ocrx_word' id='word_1_152' title='bbox 876 1466 925 1532; x_wconf 91' lang='lat' dir='ltr'><strong>qui</strong></span> <span class='ocrx_word' id='word_1_153' title='bbox 944 1480 977 1519; x_wconf 92' lang='lat' dir='ltr'><strong>ea</strong></span> <span class='ocrx_word' id='word_1_154' title='bbox 995 1481 1073 1517; x_wconf 82' lang='lat' dir='ltr'><strong>usurs</strong></span> <span class='ocrx_word' id='word_1_155' title='bbox 1089 1465 1167 1532; x_wconf 88' lang='lat' dir='ltr'><strong>sunt,</strong></span> <span class='ocrx_word' id='word_1_156' title='bbox 1253 1484 1255 1511; x_wconf 69' lang='lat'>1</span> 
     </span>
    </p>

    <p class='ocr_par' dir='ltr' id='par_1_11' title="bbox 195 1547 1058 1586">
     <span class='ocr_line' id='line_1_20' title="bbox 195 1547 1058 1586; baseline 0 -1"><span class='ocrx_word' id='word_1_157' title='bbox 195 1547 324 1586; x_wconf 87' lang='lat' dir='ltr'><strong>commen</strong></span> <span class='ocrx_word' id='word_1_158' title='bbox 346 1548 371 1585; x_wconf 84' lang='lat' dir='ltr'><strong>o.</strong></span> <span class='ocrx_word' id='word_1_159' title='bbox 1053 1556 1058 1573; x_wconf 69' lang='grc' dir='ltr'>ι</span> 
     </span>
    </p>
   </div>
   <div class='ocr_carea' id='block_1_10' title="bbox 196 1678 1255 1850">
    <p class='ocr_par' dir='ltr' id='par_1_12' title="bbox 196 1678 1255 1850">
     <span class='ocr_line' id='line_1_21' title="bbox 262 1678 1255 1788; baseline 0.001 -22"><span class='ocrx_word' id='word_1_160' title='bbox 262 1713 357 1766; x_wconf 85' lang='lat' dir='ltr'><strong>Pauca</strong></span> <span class='ocrx_word' id='word_1_161' title='bbox 377 1715 459 1778; x_wconf 88' lang='lat' dir='ltr'><strong>suut,</strong></span> <span class='ocrx_word' id='word_1_162' title='bbox 478 1729 550 1782; x_wconf 89' lang='lat' dir='ltr'><strong>quae</strong></span> <span class='ocrx_word' id='word_1_163' title='bbox 563 1713 629 1767; x_wconf 90' lang='lat' dir='ltr'><strong>huic</strong></span> <span class='ocrx_word' id='word_1_164' title='bbox 642 1713 787 1781; x_wconf 84' lang='lat' dir='ltr'><strong>quintae</strong></span> <span class='ocrx_word' id='word_1_165' title='bbox 806 1715 843 1779; x_wconf 87' lang='lat' dir='ltr'><strong>et,</strong></span> <span class='ocrx_word' id='word_1_166' title='bbox 861 1715 895 1767; x_wconf 90' lang='lat' dir='ltr'><strong>ut</strong></span> <span class='ocrx_word' id='word_1_167' title='bbox 913 1713 976 1782; x_wconf 88' lang='lat' dir='ltr'><strong>ipse</strong></span> <span class='ocrx_word' id='word_1_168' title='bbox 993 1729 1089 1782; x_wconf 88' lang='lat' dir='ltr'><strong>spero,</strong></span> <span class='ocrx_word' id='word_1_169' title='bbox 1112 1729 1166 1781; x_wconf 86' lang='lat' dir='ltr'><strong>po·</strong></span> <span class='ocrx_word' id='word_1_170' title='bbox 1253 1678 1255 1788; x_wconf 65' lang='grc' dir='ltr'>ἑ</span> 
     </span>
     <span class='ocr_line' id='line_1_22' title="bbox 196 1781 1255 1850; baseline 0 -16"><span class='ocrx_word' id='word_1_171' title='bbox 196 1783 318 1836; x_wconf 76' lang='lat' dir='ltr'><strong>strenuae</strong></span> <span class='ocrx_word' id='word_1_172' title='bbox 337 1797 417 1835; x_wconf 88' lang='lat' dir='ltr'><strong>meae</strong></span> <span class='ocrx_word' id='word_1_173' title='bbox 438 1781 588 1834; x_wconf 90' lang='lat' dir='ltr'><strong>editioni</strong></span> <span class='ocrx_word' id='word_1_174' title='bbox 605 1781 760 1850; x_wconf 83' lang='lat' dir='ltr'><strong>praefanda</strong></span> <span class='ocrx_word' id='word_1_175' title='bbox 777 1781 934 1835; x_wconf 80' lang='lat' dir='ltr'><strong>videantur.</strong></span> <span class='ocrx_word' id='word_1_176' title='bbox 1253 1796 1255 1804; x_wconf 53' lang='lat'><em>¹</em></span> 
     </span>
    </p>
   </div>
   <div class='ocr_carea' id='block_1_11' title="bbox 196 1842 1254 1971">
    <p class='ocr_par' dir='ltr' id='par_1_13' title="bbox 196 1842 1254 1971">
     <span class='ocr_line' id='line_1_23' title="bbox 265 1842 1254 1918; baseline 0.001 -18"><span class='ocrx_word' id='word_1_177' title='bbox 265 1847 295 1901; x_wconf 82' lang='lat' dir='ltr'><strong>Si</strong></span> <span class='ocrx_word' id='word_1_178' title='bbox 314 1848 377 1914; x_wconf 89' lang='lat' dir='ltr'><strong>quis</strong></span> <span class='ocrx_word' id='word_1_179' title='bbox 394 1849 468 1902; x_wconf 82' lang='lat' dir='ltr'><strong>forte</strong></span> <span class='ocrx_word' id='word_1_180' title='bbox 487 1849 628 1918; x_wconf 85' lang='lat' dir='ltr'><strong>opinetur,</strong></span> <span class='ocrx_word' id='word_1_181' title='bbox 647 1850 823 1902; x_wconf 88' lang='lat' dir='ltr'><strong>nuncetiam</strong></span> <span class='ocrx_word' id='word_1_182' title='bbox 835 1849 950 1902; x_wconf 77' lang='lat' dir='ltr'><strong>aliunde</strong></span> <span class='ocrx_word' id='word_1_183' title='bbox 962 1852 1168 1917; x_wconf 86' lang='lat' dir='ltr'><strong>praeterquam</strong></span> <span class='ocrx_word' id='word_1_184' title='bbox 1253 1842 1254 1875; x_wconf 68' lang='lat'>³</span> 
     </span>
     <span class='ocr_line' id='line_1_24' title="bbox 196 1914 1254 1971; baseline 0.003 -3"><span class='ocrx_word' id='word_1_185' title='bbox 196 1931 231 1969; x_wconf 87' lang='lat' dir='ltr'><strong>ex</strong></span> <span class='ocrx_word' id='word_1_186' title='bbox 255 1914 357 1968; x_wconf 75' lang='lat' dir='ltr'><strong>Codice</strong></span> <span class='ocrx_word' id='word_1_187' title='bbox 382 1914 538 1970; x_wconf 89' lang='lat' dir='ltr'><strong>Veronensi</strong></span> <span class='ocrx_word' id='word_1_188' title='bbox 562 1915 665 1970; x_wconf 82' lang='lat' dir='ltr'><strong>Gaium</strong></span> <span class='ocrx_word' id='word_1_189' title='bbox 687 1915 798 1970; x_wconf 88' lang='lat' dir='ltr'><strong>edituro</strong></span> <span class='ocrx_word' id='word_1_190' title='bbox 820 1933 926 1971; x_wconf 86' lang='lat' dir='ltr'><strong>novum</strong></span> <span class='ocrx_word' id='word_1_191' title='bbox 953 1917 1110 1970; x_wconf 86' lang='lat' dir='ltr'><strong>subsidium</strong></span> <span class='ocrx_word' id='word_1_192' title='bbox 1133 1934 1167 1971; x_wconf 90' lang='lat' dir='ltr'><strong>ee</strong></span> <span class='ocrx_word' id='word_1_193' title='bbox 1253 1932 1254 1971; x_wconf 72' lang='lat'>1</span> 
     </span>
    </p>
   </div>
   <div class='ocr_carea' id='block_1_12' title="bbox 196 1976 1254 2060">
    <p class='ocr_par' dir='ltr' id='par_1_14' title="bbox 196 1976 1254 2060">
     <span class='ocr_line' id='line_1_25' title="bbox 196 1976 1254 2060; baseline 0.002 -23"><span class='ocrx_word' id='word_1_194' title='bbox 196 1983 347 2047; x_wconf 86' lang='lat' dir='ltr'><strong>obtulisse,</strong></span> <span class='ocrx_word' id='word_1_195' title='bbox 372 2001 407 2038; x_wconf 83' lang='lat' dir='ltr'><strong>ex</strong></span> <span class='ocrx_word' id='word_1_196' title='bbox 434 1983 567 2039; x_wconf 89' lang='lat' dir='ltr'><strong>oinione</strong></span> <span class='ocrx_word' id='word_1_197' title='bbox 594 1984 657 2039; x_wconf 89' lang='lat' dir='ltr'><strong>dico</strong></span> <span class='ocrx_word' id='word_1_198' title='bbox 680 1984 710 2038; x_wconf 83' lang='lat' dir='ltr'><strong>E.</strong></span> <span class='ocrx_word' id='word_1_199' title='bbox 735 1984 764 2039; x_wconf 78' lang='grc' dir='ltr'><strong>Ο.</strong></span> <span class='ocrx_word' id='word_1_200' title='bbox 786 1984 895 2039; x_wconf 86' lang='lat' dir='ltr'><strong>Ferriui</strong></span> <span class='ocrx_word' id='word_1_201' title='bbox 919 2002 1012 2055; x_wconf 88' lang='lat' dir='ltr'><strong>nuper</strong></span> <span class='ocrx_word' id='word_1_202' title='bbox 1038 1985 1166 2055; x_wconf 82' lang='lat' dir='ltr'><strong>vulgata,</strong></span> <span class='ocrx_word' id='word_1_203' title='bbox 1253 1976 1254 2060; x_wconf 53' lang='lat' dir='ltr'><strong>l</strong></span> 
     </span>
    </p>
   </div>
   <div class='ocr_carea' id='block_1_13' title="bbox 137 2051 1254 2323">
    <p class='ocr_par' dir='ltr' id='par_1_15' title="bbox 137 2051 1254 2323">
     <span class='ocr_line' id='line_1_26' title="bbox 196 2051 1254 2122; baseline 0.003 -17"><span class='ocrx_word' id='word_1_204' title='bbox 196 2051 349 2121; x_wconf 86' lang='lat' dir='ltr'><strong>Theophili</strong></span> <span class='ocrx_word' id='word_1_205' title='bbox 369 2069 458 2122; x_wconf 90' lang='lat' dir='ltr'><strong>parap</strong></span> <span class='ocrx_word' id='word_1_206' title='bbox 480 2054 555 2106; x_wconf 90' lang='lat' dir='ltr'><strong>rasin</strong></span> <span class='ocrx_word' id='word_1_207' title='bbox 575 2053 789 2107; x_wconf 86' lang='lat' dir='ltr'><strong>Institutionum</strong></span> <span class='ocrx_word' id='word_1_208' title='bbox 807 2052 945 2107; x_wconf 85' lang='lat' dir='ltr'><strong>Graecam</strong></span> <span class='ocrx_word' id='word_1_209' title='bbox 968 2070 1054 2121; x_wconf 84' lang='lat' dir='ltr'><strong>quam</strong></span> <span class='ocrx_word' id='word_1_210' title='bbox 1072 2054 1167 2108; x_wconf 91' lang='lat' dir='ltr'><strong>denuo</strong></span> <span class='ocrx_word' id='word_1_211' title='bbox 1253 2081 1254 2108; x_wconf 55' lang='grc' dir='ltr'>ι</span> 
     </span>
     <span class='ocr_line' id='line_1_27' title="bbox 137 2119 1254 2199; baseline 0.004 -28"><span class='ocrx_word' id='word_1_212' title='bbox 137 2132 140 2137; x_wconf 94' lang='grc'><strong><em>·</em></strong></span> <span class='ocrx_word' id='word_1_213' title='bbox 197 2119 374 2173; x_wconf 83' lang='lat' dir='ltr'><strong>emendatius</strong></span> <span class='ocrx_word' id='word_1_214' title='bbox 392 2119 476 2175; x_wconf 90' lang='lat' dir='ltr'><strong>edere</strong></span> <span class='ocrx_word' id='word_1_215' title='bbox 496 2121 591 2190; x_wconf 91' lang='lat' dir='ltr'><strong>coepit</strong></span> <span class='ocrx_word' id='word_1_216' title='bbox 608 2122 644 2190; x_wconf 88' lang='lat' dir='ltr'><strong>(a.</strong></span> <span class='ocrx_word' id='word_1_217' title='bbox 664 2122 753 2188; x_wconf 86' lang='lat'><strong>1884),</strong></span> <span class='ocrx_word' id='word_1_218' title='bbox 775 2120 910 2199; x_wconf 87' lang='lat' dir='ltr'><strong>primitus</strong></span> <span class='ocrx_word' id='word_1_219' title='bbox 932 2137 990 2174; x_wconf 92' lang='lat' dir='ltr'><strong>non</strong></span> <span class='ocrx_word' id='word_1_220' title='bbox 1007 2120 1166 2187; x_wconf 88' lang='lat' dir='ltr'><strong>Iustiniani,</strong></span> <span class='ocrx_word' id='word_1_221' title='bbox 1253 2119 1254 2184; x_wconf 70' lang='lat'>3</span> 
     </span>
     <span class='ocr_line' id='line_1_28' title="bbox 195 2187 1254 2252; baseline -0.001 -13"><span class='ocrx_word' id='word_1_222' title='bbox 195 2189 228 2240; x_wconf 93' lang='lat' dir='ltr'><strong>ut</strong></span> <span class='ocrx_word' id='word_1_223' title='bbox 254 2187 346 2241; x_wconf 89' lang='lat' dir='ltr'><strong>adhuc</strong></span> <span class='ocrx_word' id='word_1_224' title='bbox 373 2188 524 2252; x_wconf 90' lang='lat' dir='ltr'><strong>creditum,</strong></span> <span class='ocrx_word' id='word_1_225' title='bbox 553 2188 603 2241; x_wconf 87' lang='lat' dir='ltr'><strong>sed</strong></span> <span class='ocrx_word' id='word_1_226' title='bbox 626 2188 690 2243; x_wconf 78' lang='lat' dir='ltr'><strong>Gaii</strong></span> <span class='ocrx_word' id='word_1_227' title='bbox 715 2188 927 2243; x_wconf 80' lang='lat' dir='ltr'><strong>institutionum</strong></span> <span class='ocrx_word' id='word_1_228' title='bbox 949 2189 1167 2243; x_wconf 85' lang='lat' dir='ltr'><strong>translationem</strong></span> <span class='ocrx_word' id='word_1_229' title='bbox 1253 2229 1254 2238; x_wconf 70' lang='grc'>,</span> 
     </span>
     <span class='ocr_line' id='line_1_29' title="bbox 196 2252 1254 2323; baseline 0 -15"><span class='ocrx_word' id='word_1_230' title='bbox 196 2252 271 2309; x_wconf 68' lang='grc' dir='ltr'><strong>κατὰ</strong></span> <span class='ocrx_word' id='word_1_231' title='bbox 295 2256 374 2308; x_wconf 82' lang='grc' dir='ltr'><em>πόδα</em></span> <span class='ocrx_word' id='word_1_232' title='bbox 397 2255 497 2320; x_wconf 84' lang='lat' dir='ltr'><strong>fuisse,</strong></span> <span class='ocrx_word' id='word_1_233' title='bbox 521 2257 557 2320; x_wconf 91' lang='lat' dir='ltr'><strong>is,</strong></span> <span class='ocrx_word' id='word_1_234' title='bbox 582 2272 628 2309; x_wconf 86' lang='lat' dir='ltr'><strong>ma</strong></span> <span class='ocrx_word' id='word_1_235' title='bbox 647 2256 762 2323; x_wconf 90' lang='lat' dir='ltr'><strong>quidem</strong></span> <span class='ocrx_word' id='word_1_236' title='bbox 779 2256 888 2321; x_wconf 89' lang='lat' dir='ltr'><strong>iudice,</strong></span> <span class='ocrx_word' id='word_1_237' title='bbox 907 2256 1030 2321; x_wconf 84' lang='lat' dir='ltr'><strong>fallitur,</strong></span> <span class='ocrx_word' id='word_1_238' title='bbox 1054 2258 1168 2311; x_wconf 85' lang='lat' dir='ltr'><strong>etiamsi</strong></span> <span class='ocrx_word' id='word_1_239' title='bbox 1253 2291 1254 2308; x_wconf 35' lang='grc' dir='ltr'>ι</span> 
     </span>
    </p>
   </div>
   <div class='ocr_carea' id='block_1_14' title="bbox 195 2321 1255 2511">
    <p class='ocr_par' dir='ltr' id='par_1_16' title="bbox 195 2321 1255 2511">
     <span class='ocr_line' id='line_1_30' title="bbox 195 2321 1255 2443; baseline 0.004 -70"><span class='ocrx_word' id='word_1_240' title='bbox 195 2322 259 2400; x_wconf 82' lang='lat' dir='ltr'><strong>plus</strong></span> <span class='ocrx_word' id='word_1_241' title='bbox 273 2321 474 2401; x_wconf 33' lang='lat' dir='ltr'><strong>&#39;haeo&#39;opinro</strong></span> <span class='ocrx_word' id='word_1_242' title='bbox 497 2340 582 2391; x_wconf 89' lang='lat' dir='ltr'><strong>quarn</strong></span> <span class='ocrx_word' id='word_1_243' title='bbox 605 2338 635 2401; x_wconf 81' lang='lat' dir='ltr'><strong>re</strong></span> <span class='ocrx_word' id='word_1_244' title='bbox 657 2339 800 2443; x_wconf 58' lang='lat' dir='ltr'><strong>perpensa</strong></span> <span class='ocrx_word' id='word_1_245' title='bbox 823 2324 923 2386; x_wconf 87' lang='lat' dir='ltr'><strong>habet,</strong></span> <span class='ocrx_word' id='word_1_246' title='bbox 950 2324 1071 2379; x_wconf 86' lang='lat' dir='ltr'><strong>haberet</strong></span> <span class='ocrx_word' id='word_1_247' title='bbox 1092 2325 1168 2379; x_wconf 86' lang='lat' dir='ltr'><strong>veri·</strong></span> <span class='ocrx_word' id='word_1_248' title='bbox 1253 2321 1255 2362; x_wconf 70' lang='lat' dir='ltr'><strong>l</strong></span> 
     </span>
     <span class='ocr_line' id='line_1_31' title="bbox 195 2389 1168 2511; baseline 0.007 -71"><span class='ocrx_word' id='word_1_249' title='bbox 195 2389 607 2511; x_wconf 39' lang='grc' dir='ltr'><strong>1ιὶιὲιὲιΙΙιΙξιιιίἳιειιιΙιοοἰοιειὶιῦιῂιιιιιιιιθιι</strong></span> <span class='ocrx_word' id='word_1_250' title='bbox 625 2408 656 2443; x_wconf 89' lang='grc' dir='ltr'><strong>ιιι</strong></span> <span class='ocrx_word' id='word_1_251' title='bbox 676 2392 724 2444; x_wconf 87' lang='lat' dir='ltr'><strong>rcir</strong></span> <span class='ocrx_word' id='word_1_252' title='bbox 736 2392 860 2445; x_wconf 90' lang='lat' dir='ltr'><strong>rationes</strong></span> <span class='ocrx_word' id='word_1_253' title='bbox 872 2392 993 2446; x_wconf 88' lang='lat' dir='ltr'><strong>reddere</strong></span> <span class='ocrx_word' id='word_1_254' title='bbox 1006 2395 1036 2446; x_wconf 92' lang='lat' dir='ltr'><strong>et</strong></span> <span class='ocrx_word' id='word_1_255' title='bbox 1046 2393 1168 2461; x_wconf 79' lang='lat' dir='ltr'><strong>longum</strong></span> 
     </span>
    </p>
   </div>
   <div class='ocr_carea' id='block_1_15' title="bbox 198 2523 1255 2673">
    <p class='ocr_par' dir='ltr' id='par_1_17' title="bbox 198 2523 1255 2673">
     <span class='ocr_line' id='line_1_32' title="bbox 265 2523 1168 2595; baseline 0.005 -18"><span class='ocrx_word' id='word_1_256' title='bbox 265 2524 320 2577; x_wconf 86' lang='lat' dir='ltr'><strong>Sed</strong></span> <span class='ocrx_word' id='word_1_257' title='bbox 338 2523 398 2592; x_wconf 92' lang='lat' dir='ltr'><strong>ipse</strong></span> <span class='ocrx_word' id='word_1_258' title='bbox 418 2525 506 2579; x_wconf 85' lang='lat' dir='ltr'><strong>codex</strong></span> <span class='ocrx_word' id='word_1_259' title='bbox 525 2526 695 2580; x_wconf 88' lang='lat' dir='ltr'><strong>Veronensis</strong></span> <span class='ocrx_word' id='word_1_260' title='bbox 712 2528 746 2579; x_wconf 91' lang='lat' dir='ltr'><strong>ut</strong></span> <span class='ocrx_word' id='word_1_261' title='bbox 762 2544 858 2579; x_wconf 88' lang='lat' dir='ltr'><strong>rursus</strong></span> <span class='ocrx_word' id='word_1_262' title='bbox 875 2527 1019 2595; x_wconf 83' lang='lat' dir='ltr'><strong>aliquibus</strong></span> <span class='ocrx_word' id='word_1_263' title='bbox 1036 2528 1106 2581; x_wconf 91' lang='lat' dir='ltr'><strong>locis</strong></span> <span class='ocrx_word' id='word_1_264' title='bbox 1123 2528 1168 2581; x_wconf 90' lang='lat' dir='ltr'><strong>in-</strong></span> 
     </span>
     <span class='ocr_line' id='line_1_33' title="bbox 198 2592 1255 2673; baseline 0.003 -28"><span class='ocrx_word' id='word_1_265' title='bbox 198 2594 311 2660; x_wconf 88' lang='lat' dir='ltr'><strong>spectus</strong></span> <span class='ocrx_word' id='word_1_266' title='bbox 328 2608 403 2646; x_wconf 86' lang='lat' dir='ltr'><strong>nova</strong></span> <span class='ocrx_word' id='word_1_267' title='bbox 419 2592 501 2646; x_wconf 91' lang='lat' dir='ltr'><strong>nobis</strong></span> <span class='ocrx_word' id='word_1_268' title='bbox 519 2592 637 2663; x_wconf 90' lang='lat' dir='ltr'><strong>aperiat,</strong></span> <span class='ocrx_word' id='word_1_269' title='bbox 657 2592 798 2647; x_wconf 90' lang='lat' dir='ltr'><strong>indefesso</strong></span> <span class='ocrx_word' id='word_1_270' title='bbox 811 2596 841 2648; x_wconf 94' lang='lat' dir='ltr'><strong>et</strong></span> <span class='ocrx_word' id='word_1_271' title='bbox 856 2612 1001 2673; x_wconf 67' lang='lat' dir='ltr'><strong>nunqnam</strong></span> <span class='ocrx_word' id='word_1_272' title='bbox 1019 2596 1087 2649; x_wconf 91' lang='lat' dir='ltr'><strong>satis</strong></span> <span class='ocrx_word' id='word_1_273' title='bbox 1103 2596 1169 2650; x_wconf 88' lang='lat' dir='ltr'><strong>lau·</strong></span> <span class='ocrx_word' id='word_1_274' title='bbox 1253 2609 1255 2663; x_wconf 60' lang='grc' dir='ltr'><em>ζ</em></span> 
     </span>
    </p>
   </div>
   <div class='ocr_carea' id='block_1_16' title="bbox 196 2658 1170 2874">
    <p class='ocr_par' dir='ltr' id='par_1_18' title="bbox 196 2658 1170 2874">
     <span class='ocr_line' id='line_1_34' title="bbox 198 2658 1170 2733; baseline 0.006 -21"><span class='ocrx_word' id='word_1_275' title='bbox 198 2659 292 2713; x_wconf 91' lang='lat' dir='ltr'><strong>dando</strong></span> <span class='ocrx_word' id='word_1_276' title='bbox 319 2660 411 2713; x_wconf 87' lang='lat' dir='ltr'><strong>studio</strong></span> <span class='ocrx_word' id='word_1_277' title='bbox 440 2658 628 2714; x_wconf 85' lang='lat' dir='ltr'><strong>Studemundi</strong></span> <span class='ocrx_word' id='word_1_278' title='bbox 654 2662 811 2728; x_wconf 88' lang='lat' dir='ltr'><strong>debemus,</strong></span> <span class='ocrx_word' id='word_1_279' title='bbox 839 2679 913 2731; x_wconf 89' lang='lat' dir='ltr'><strong>quae</strong></span> <span class='ocrx_word' id='word_1_280' title='bbox 940 2681 970 2715; x_wconf 87' lang='lat' dir='ltr'><strong>m</strong></span> <span class='ocrx_word' id='word_1_281' title='bbox 991 2662 1115 2733; x_wconf 81' lang='lat' dir='ltr'><strong>Krdgeri</strong></span> <span class='ocrx_word' id='word_1_282' title='bbox 1137 2665 1170 2718; x_wconf 88' lang='lat' dir='ltr'><strong>et</strong></span> 
     </span>
     <span class='ocr_line' id='line_1_35' title="bbox 196 2727 1169 2799; baseline 0.005 -19"><span class='ocrx_word' id='word_1_283' title='bbox 196 2728 204 2780; x_wconf 92' lang='lat' dir='ltr'><strong>i</strong></span> <span class='ocrx_word' id='word_1_284' title='bbox 228 2728 284 2781; x_wconf 90' lang='lat' dir='ltr'><strong>sius</strong></span> <span class='ocrx_word' id='word_1_285' title='bbox 297 2727 432 2787; x_wconf 61' lang='lat' dir='ltr'><strong>editione</strong></span> <span class='ocrx_word' id='word_1_286' title='bbox 460 2728 551 2783; x_wconf 88' lang='lat' dir='ltr'><strong>altera</strong></span> <span class='ocrx_word' id='word_1_287' title='bbox 579 2730 671 2799; x_wconf 81' lang='lat'>(1884)</span> <span class='ocrx_word' id='word_1_288' title='bbox 699 2730 750 2785; x_wconf 93' lang='lat' dir='ltr'><strong>sub</strong></span> <span class='ocrx_word' id='word_1_289' title='bbox 773 2730 858 2783; x_wconf 89' lang='lat' dir='ltr'><strong>titulo</strong></span> <span class='ocrx_word' id='word_1_290' title='bbox 881 2730 1103 2799; x_wconf 72' lang='lat' dir='ltr'><strong>‘supplementa</strong></span> <span class='ocrx_word' id='word_1_291' title='bbox 1129 2732 1169 2785; x_wconf 88' lang='lat' dir='ltr'><strong>ad</strong></span> 
     </span>
     <span class='ocr_line' id='line_1_36' title="bbox 220 2795 1170 2874; baseline 0.005 -26"><span class='ocrx_word' id='word_1_292' title='bbox 220 2795 264 2852; x_wconf 89' lang='lat' dir='ltr'><strong>od.</strong></span> <span class='ocrx_word' id='word_1_293' title='bbox 279 2795 343 2849; x_wconf 87' lang='lat' dir='ltr'><strong>Ver.</strong></span> <span class='ocrx_word' id='word_1_294' title='bbox 357 2796 552 2874; x_wconf 83' lang='lat' dir='ltr'><strong>apographum</strong></span> <span class='ocrx_word' id='word_1_295' title='bbox 565 2796 853 2851; x_wconf 83' lang='lat' dir='ltr'><strong>Studemundianum’</strong></span> <span class='ocrx_word' id='word_1_296' title='bbox 865 2798 895 2851; x_wconf 91' lang='lat' dir='ltr'><strong>in</strong></span> <span class='ocrx_word' id='word_1_297' title='bbox 907 2798 1000 2853; x_wconf 88' lang='lat' dir='ltr'><strong>fronte</strong></span> <span class='ocrx_word' id='word_1_298' title='bbox 1011 2817 1040 2868; x_wconf 94' lang='lat' dir='ltr'><strong>p.</strong></span> <span class='ocrx_word' id='word_1_299' title='bbox 1052 2798 1170 2853; x_wconf 82' lang='lat' dir='ltr'>XVII-</span> 
     </span>
    </p>
   </div>
   <div class='ocr_carea' id='block_1_17' title="bbox 196 2862 1254 2943">
    <p class='ocr_par' dir='ltr' id='par_1_19' title="bbox 196 2862 1254 2943">
     <span class='ocr_line' id='line_1_37' title="bbox 196 2862 1254 2943; baseline 0.006 -27"><span class='ocrx_word' id='word_1_300' title='bbox 196 2862 313 2916; x_wconf 90' lang='lat' dir='ltr'>XXXIX</span> <span class='ocrx_word' id='word_1_301' title='bbox 346 2879 502 2931; x_wconf 87' lang='lat' dir='ltr'><strong>praemrssa</strong></span> <span class='ocrx_word' id='word_1_302' title='bbox 539 2866 605 2918; x_wconf 88' lang='lat' dir='ltr'><strong>sunt</strong></span> <span class='ocrx_word' id='word_1_303' title='bbox 639 2865 731 2935; x_wconf 90' lang='lat' dir='ltr'><strong>(nobis</strong></span> <span class='ocrx_word' id='word_1_304' title='bbox 764 2865 901 2943; x_wconf 81' lang='lat' dir='ltr'><strong>insignita</strong></span> <span class='ocrx_word' id='word_1_305' title='bbox 935 2865 1050 2934; x_wconf 78' lang='lat' dir='ltr'><strong>‘Suppl</strong></span> <span class='ocrx_word' id='word_1_306' title='bbox 1086 2866 1166 2935; x_wconf 81' lang='lat' dir='ltr'><strong>St&#39;).</strong></span> <span class='ocrx_word' id='word_1_307' title='bbox 1253 2895 1254 2898; x_wconf 39' lang='lat'>¹</span> 
     </span>
    </p>
   </div>
   <div class='ocr_carea' id='block_1_18' title="bbox 196 2930 1169 3411">
    <p class='ocr_par' dir='ltr' id='par_1_20' title="bbox 196 2930 1169 3201">
     <span class='ocr_line' id='line_1_38' title="bbox 196 2930 1167 2996; baseline 0.007 -14"><span class='ocrx_word' id='word_1_308' title='bbox 196 2930 293 2984; x_wconf 79' lang='lat' dir='ltr'><strong>ilaue</strong></span> <span class='ocrx_word' id='word_1_309' title='bbox 317 2931 452 2996; x_wconf 86' lang='lat' dir='ltr'><strong>maxima,</strong></span> <span class='ocrx_word' id='word_1_310' title='bbox 476 2932 544 2986; x_wconf 88' lang='lat' dir='ltr'><strong>licet</strong></span> <span class='ocrx_word' id='word_1_311' title='bbox 565 2932 623 2986; x_wconf 90' lang='lat' dir='ltr'><strong>iam</strong></span> <span class='ocrx_word' id='word_1_312' title='bbox 645 2934 682 2986; x_wconf 90' lang='lat' dir='ltr'><strong>ab</strong></span> <span class='ocrx_word' id='word_1_313' title='bbox 706 2932 768 2986; x_wconf 91' lang='lat' dir='ltr'><strong>aliis</strong></span> <span class='ocrx_word' id='word_1_314' title='bbox 793 2951 823 2986; x_wconf 93' lang='grc' dir='ltr'><strong>ιιι</strong></span> <span class='ocrx_word' id='word_1_315' title='bbox 844 2933 896 2988; x_wconf 85' lang='lat' dir='ltr'><strong>illa</strong></span> <span class='ocrx_word' id='word_1_316' title='bbox 922 2934 1013 2988; x_wconf 85' lang='lat' dir='ltr'><strong>altera</strong></span> <span class='ocrx_word' id='word_1_317' title='bbox 1038 2935 1167 2989; x_wconf 87' lang='lat' dir='ltr'><strong>editione</strong></span> 
     </span>
     <span class='ocr_line' id='line_1_39' title="bbox 197 2948 1169 3077; baseline 0.008 -28"><span class='ocrx_word' id='word_1_318' title='bbox 197 2948 288 3067; x_wconf 60' lang='lat' dir='ltr'><strong>(notris</strong></span> <span class='ocrx_word' id='word_1_319' title='bbox 308 2997 429 3077; x_wconf 66' lang='lat' dir='ltr'><strong>‘Ksed</strong></span> <span class='ocrx_word' id='word_1_320' title='bbox 443 3000 481 3068; x_wconf 74' lang='lat'><strong>2&#39;)</strong></span> <span class='ocrx_word' id='word_1_321' title='bbox 501 3000 642 3066; x_wconf 88' lang='lat' dir='ltr'><strong>adhibita,</strong></span> <span class='ocrx_word' id='word_1_322' title='bbox 660 3000 732 3053; x_wconf 92' lang='lat' dir='ltr'><strong>mihi</strong></span> <span class='ocrx_word' id='word_1_323' title='bbox 743 3017 865 3069; x_wconf 88' lang='lat' dir='ltr'><strong>quoque,</strong></span> <span class='ocrx_word' id='word_1_324' title='bbox 884 3003 916 3054; x_wconf 91' lang='lat' dir='ltr'><strong>ut</strong></span> <span class='ocrx_word' id='word_1_325' title='bbox 933 3020 1028 3056; x_wconf 89' lang='lat' dir='ltr'><strong>rursus</strong></span> <span class='ocrx_word' id='word_1_326' title='bbox 1045 3003 1089 3056; x_wconf 87' lang='lat' dir='ltr'><strong>his</strong></span> <span class='ocrx_word' id='word_1_327' title='bbox 1101 3002 1169 3057; x_wconf 82' lang='lat' dir='ltr'><strong>Gaii</strong></span> 
     </span>
     <span class='ocr_line' id='line_1_40' title="bbox 197 3066 1167 3137; baseline 0.007 -19"><span class='ocrx_word' id='word_1_328' title='bbox 197 3066 405 3120; x_wconf 78' lang='lat' dir='ltr'><strong>commentatus</strong></span> <span class='ocrx_word' id='word_1_329' title='bbox 434 3069 612 3122; x_wconf 88' lang='lat' dir='ltr'><strong>recensendis</strong></span> <span class='ocrx_word' id='word_1_330' title='bbox 640 3070 670 3122; x_wconf 91' lang='lat' dir='ltr'><strong>et</strong></span> <span class='ocrx_word' id='word_1_331' title='bbox 698 3068 815 3122; x_wconf 89' lang='lat' dir='ltr'><strong>edendis</strong></span> <span class='ocrx_word' id='word_1_332' title='bbox 841 3085 919 3123; x_wconf 85' lang='lat' dir='ltr'><strong>meas</strong></span> <span class='ocrx_word' id='word_1_333' title='bbox 948 3086 1061 3137; x_wconf 87' lang='lat' dir='ltr'><strong>quoque</strong></span> <span class='ocrx_word' id='word_1_334' title='bbox 1083 3087 1167 3125; x_wconf 87' lang='lat' dir='ltr'><strong>curae</strong></span> 
     </span>
     <span class='ocr_line' id='line_1_41' title="bbox 197 3133 692 3201; baseline 0.006 -15"><span class='ocrx_word' id='word_1_335' title='bbox 197 3133 397 3201; x_wconf 86' lang='lat' dir='ltr'><strong>inpenderem,</strong></span> <span class='ocrx_word' id='word_1_336' title='bbox 416 3135 446 3187; x_wconf 93' lang='lat' dir='ltr'><strong>in</strong></span> <span class='ocrx_word' id='word_1_337' title='bbox 464 3151 549 3189; x_wconf 87' lang='lat' dir='ltr'><strong>causa</strong></span> <span class='ocrx_word' id='word_1_338' title='bbox 567 3137 692 3190; x_wconf 88' lang='lat' dir='ltr'><strong>fuerunt.</strong></span> 
     </span>
    </p>

    <p class='ocr_par' dir='ltr' id='par_1_21' title="bbox 196 3200 1166 3411">
     <span class='ocr_line' id='line_1_42' title="bbox 265 3200 1166 3274; baseline 0.008 -21"><span class='ocrx_word' id='word_1_339' title='bbox 265 3200 342 3265; x_wconf 78' lang='lat' dir='ltr'><strong>Quae</strong></span> <span class='ocrx_word' id='word_1_340' title='bbox 362 3202 477 3269; x_wconf 88' lang='lat' dir='ltr'><strong>quidem</strong></span> <span class='ocrx_word' id='word_1_341' title='bbox 490 3219 573 3257; x_wconf 89' lang='lat' dir='ltr'><strong>curae</strong></span> <span class='ocrx_word' id='word_1_342' title='bbox 586 3204 655 3272; x_wconf 90' lang='lat' dir='ltr'><strong>quin</strong></span> <span class='ocrx_word' id='word_1_343' title='bbox 667 3203 752 3271; x_wconf 90' lang='lat' dir='ltr'><strong>plane</strong></span> <span class='ocrx_word' id='word_1_344' title='bbox 768 3204 961 3260; x_wconf 87' lang='lat' dir='ltr'><strong>infructuosae</strong></span> <span class='ocrx_word' id='word_1_345' title='bbox 973 3222 1030 3259; x_wconf 92' lang='lat' dir='ltr'><strong>non</strong></span> <span class='ocrx_word' id='word_1_346' title='bbox 1047 3206 1166 3274; x_wconf 88' lang='lat' dir='ltr'><strong>fuerlnt,</strong></span> 
     </span>
     <span class='ocr_line' id='line_1_43' title="bbox 196 3268 1166 3343; baseline 0.006 -21"><span class='ocrx_word' id='word_1_347' title='bbox 196 3269 246 3323; x_wconf 89' lang='lat' dir='ltr'><strong>sed</strong></span> <span class='ocrx_word' id='word_1_348' title='bbox 265 3268 336 3323; x_wconf 85' lang='lat' dir='ltr'><strong>Gaio</strong></span> <span class='ocrx_word' id='word_1_349' title='bbox 354 3286 410 3323; x_wconf 92' lang='lat' dir='ltr'><strong>non</strong></span> <span class='ocrx_word' id='word_1_350' title='bbox 428 3271 526 3339; x_wconf 88' lang='lat' dir='ltr'><strong>paucis</strong></span> <span class='ocrx_word' id='word_1_351' title='bbox 544 3286 596 3325; x_wconf 89' lang='lat' dir='ltr'><strong>neo</strong></span> <span class='ocrx_word' id='word_1_352' title='bbox 618 3272 653 3325; x_wconf 90' lang='lat' dir='ltr'><strong>iis</strong></span> <span class='ocrx_word' id='word_1_353' title='bbox 670 3272 784 3325; x_wconf 87' lang='lat' dir='ltr'><strong>tantum</strong></span> <span class='ocrx_word' id='word_1_354' title='bbox 801 3272 831 3325; x_wconf 92' lang='lat' dir='ltr'><strong>in</strong></span> <span class='ocrx_word' id='word_1_355' title='bbox 848 3272 929 3339; x_wconf 88' lang='lat' dir='ltr'><strong>loeis,</strong></span> <span class='ocrx_word' id='word_1_356' title='bbox 973 3289 1026 3327; x_wconf 87' lang='lat' dir='ltr'><strong>uae</strong></span> <span class='ocrx_word' id='word_1_357' title='bbox 1046 3274 1166 3343; x_wconf 82' lang='lat' dir='ltr'><strong>Supple-</strong></span> 
     </span>
     <span class='ocr_line' id='line_1_44' title="bbox 197 3291 1166 3411; baseline 0.006 -21"><span class='ocrx_word' id='word_1_358' title='bbox 197 3339 294 3391; x_wconf 85' lang='lat' dir='ltr'><strong>mcnta</strong></span> <span class='ocrx_word' id='word_1_359' title='bbox 318 3336 369 3391; x_wconf 89' lang='lat' dir='ltr'><strong>illa</strong></span> <span class='ocrx_word' id='word_1_360' title='bbox 394 3339 537 3405; x_wconf 86' lang='lat' dir='ltr'><strong>spectant,</strong></span> <span class='ocrx_word' id='word_1_361' title='bbox 564 3339 676 3407; x_wconf 90' lang='lat' dir='ltr'><strong>plenius</strong></span> <span class='ocrx_word' id='word_1_362' title='bbox 700 3340 730 3393; x_wconf 89' lang='lat' dir='ltr'><strong>et</strong></span> <span class='ocrx_word' id='word_1_363' title='bbox 752 3340 856 3393; x_wconf 88' lang='lat' dir='ltr'><strong>rectius</strong></span> <span class='ocrx_word' id='word_1_364' title='bbox 878 3341 937 3393; x_wconf 86' lang='lat' dir='ltr'><strong>sive</strong></span> <span class='ocrx_word' id='word_1_365' title='bbox 953 3291 1082 3411; x_wconf 58' lang='lat' dir='ltr'><strong>(tegendo</strong></span> <span class='ocrx_word' id='word_1_366' title='bbox 1104 3342 1166 3397; x_wconf 82' lang='lat' dir='ltr'><strong>eive</strong></span> 
     </span>
    </p>
   </div>
   <div class='ocr_carea' id='block_1_19' title="bbox 196 3404 1167 3525">
    <p class='ocr_par' dir='ltr' id='par_1_22' title="bbox 196 3404 1167 3525">
     <span class='ocr_line' id='line_1_45' title="bbox 196 3404 1167 3525; baseline 0.006 -68"><span class='ocrx_word' id='word_1_367' title='bbox 196 3404 391 3525; x_wconf 57' lang='lat' dir='ltr'><strong>intelleffendo</strong></span> <span class='ocrx_word' id='word_1_368' title='bbox 404 3404 571 3474; x_wconf 87' lang='lat' dir='ltr'><strong>profuerint,</strong></span> <span class='ocrx_word' id='word_1_369' title='bbox 584 3406 626 3460; x_wconf 87' lang='lat' dir='ltr'><strong>ita</strong></span> <span class='ocrx_word' id='word_1_370' title='bbox 638 3422 696 3459; x_wconf 92' lang='lat' dir='ltr'><strong>non</strong></span> <span class='ocrx_word' id='word_1_371' title='bbox 709 3407 818 3472; x_wconf 87' lang='lat' dir='ltr'><strong>dubito,</strong></span> <span class='ocrx_word' id='word_1_372' title='bbox 837 3409 871 3460; x_wconf 89' lang='lat' dir='ltr'><strong>ut</strong></span> <span class='ocrx_word' id='word_1_373' title='bbox 882 3408 952 3462; x_wconf 82' lang='lat' dir='ltr'><strong>alios</strong></span> <span class='ocrx_word' id='word_1_374' title='bbox 963 3424 1086 3477; x_wconf 86' lang='lat' dir='ltr'><strong>quoque,</strong></span> <span class='ocrx_word' id='word_1_375' title='bbox 1106 3412 1167 3478; x_wconf 89' lang='lat' dir='ltr'><strong>qui,</strong></span> 
     </span>
    </p>
   </div>
   <div class='ocr_carea' id='block_1_20' title="bbox 197 3472 1167 3611">
    <p class='ocr_par' dir='ltr' id='par_1_23' title="bbox 197 3472 1167 3611">
     <span class='ocr_line' id='line_1_46' title="bbox 198 3472 1167 3550; baseline 0.008 -26"><span class='ocrx_word' id='word_1_376' title='bbox 198 3473 230 3524; x_wconf 90' lang='lat' dir='ltr'><strong>ut</strong></span> <span class='ocrx_word' id='word_1_377' title='bbox 247 3472 289 3524; x_wconf 87' lang='lat' dir='ltr'><strong>Tu</strong></span> <span class='ocrx_word' id='word_1_378' title='bbox 313 3473 356 3550; x_wconf 80' lang='lat' dir='ltr'><strong>ius</strong></span> <span class='ocrx_word' id='word_1_379' title='bbox 375 3473 428 3534; x_wconf 86' lang='lat' dir='ltr'><strong>ait,</strong></span> <span class='ocrx_word' id='word_1_380' title='bbox 442 3487 506 3550; x_wconf 58' lang='grc' dir='ltr'><strong>Ιμοιι</strong></span> <span class='ocrx_word' id='word_1_381' title='bbox 524 3472 604 3542; x_wconf 83' lang='lat' dir='ltr'><strong>vulgi</strong></span> <span class='ocrx_word' id='word_1_382' title='bbox 623 3490 701 3528; x_wconf 90' lang='lat' dir='ltr'><strong>more</strong></span> <span class='ocrx_word' id='word_1_383' title='bbox 720 3491 755 3528; x_wconf 89' lang='lat' dir='ltr'><strong>ex</strong></span> <span class='ocrx_word' id='word_1_384' title='bbox 774 3475 905 3543; x_wconf 91' lang='lat' dir='ltr'><strong>opinione</strong></span> <span class='ocrx_word' id='word_1_385' title='bbox 922 3476 973 3528; x_wconf 86' lang='lat' dir='ltr'><strong>sed</strong></span> <span class='ocrx_word' id='word_1_386' title='bbox 992 3492 1027 3530; x_wconf 87' lang='lat' dir='ltr'><strong>ex</strong></span> <span class='ocrx_word' id='word_1_387' title='bbox 1046 3477 1167 3532; x_wconf 84' lang='lat' dir='ltr'><strong>veritate</strong></span> 
     </span>
     <span class='ocr_line' id='line_1_47' title="bbox 197 3540 1167 3611; baseline 0.008 -20"><span class='ocrx_word' id='word_1_388' title='bbox 197 3555 242 3593; x_wconf 87' lang='lat' dir='ltr'><strong>res</strong></span> <span class='ocrx_word' id='word_1_389' title='bbox 260 3541 397 3593; x_wconf 87' lang='lat' dir='ltr'><strong>acstrman</strong></span> <span class='ocrx_word' id='word_1_390' title='bbox 414 3580 420 3605; x_wconf 95' lang='lat'><strong>,</strong></span> <span class='ocrx_word' id='word_1_391' title='bbox 439 3540 613 3594; x_wconf 78' lang='lat' dir='ltr'><strong>iudicaturos</strong></span> <span class='ocrx_word' id='word_1_392' title='bbox 632 3558 701 3611; x_wconf 89' lang='lat' dir='ltr'><strong>esse,</strong></span> <span class='ocrx_word' id='word_1_393' title='bbox 724 3558 849 3611; x_wconf 88' lang='lat' dir='ltr'><strong>sperem,</strong></span> <span class='ocrx_word' id='word_1_394' title='bbox 873 3544 994 3597; x_wconf 82' lang='lat' dir='ltr'><strong>maxime</strong></span> <span class='ocrx_word' id='word_1_395' title='bbox 1013 3544 1036 3597; x_wconf 89' lang='lat' dir='ltr'><strong>si</strong></span> <span class='ocrx_word' id='word_1_396' title='bbox 1054 3546 1167 3599; x_wconf 88' lang='lat' dir='ltr'><strong>contro·</strong></span> 
     </span>
    </p>
   </div>
   <div class='ocr_carea' id='block_1_21' title="bbox 0 0 1284 4000">
    <p class='ocr_par' dir='ltr' id='par_1_24' title="bbox 0 0 1284 4000">
     <span class='ocr_line' id='line_1_48' title="bbox 0 0 1284 4000; baseline 0 0"><span class='ocrx_word' id='word_1_397' title='bbox 0 0 1284 4000; x_wconf 95' lang='lat' dir='ltr'><strong> </strong></span> 
     </span>
    </p>
   </div>
  </div>
 </body>
</html>
