2550 4000
201 184 265 248 220
495 201 556 236 usu
575 199 676 236 rasura.
695 179 717 235 Ι.
736 184 878 236 tet-tet.

203 349 311 400 rantur:
333 344 472 415 puberem
493 350 587 400 eutem
608 327 735 399 Sabinus
754 341 873 416 quidem,
899 339 1010 396 Cassius
1032 343 1179 414 ceterique

204 429 291 484 nostri
313 437 505 502 praeceptores
528 444 588 485 eum
611 441 672 482 osse
693 419 832 499 'putant‚¹
860 427 907 499 qui
930 425 1027 482 habitu
1049 428 1179 499 corporis

204 512 378 586 pubertatem
393 513 524 584 ostendit,
538 512 566 568 id
582 520 624 568 cst
639 527 712 582 eum,
735 512 786 584 qui'
797 526 930 584 generare
946 519 1060 584 potest,
1086 511 1139 566 sed
1154 513 1179 565 iu

204 599 254 668 his,
278 599 325 672 qui
346 595 496 671 pubescere
513 613 568 652 nou
589 604 715 670 possunt,
738 595 832 668 quales
854 602 919 651 sunt
940 595 1099 668 spadones,
1123 611 1179 650 earu

204 690 319 739 aetatem
336 697 396 738 esse
411 681 595 757 spectandam,
610 681 688 736 cuius
703 681 799 735 aetatis
819 678 936 754 puberes
952 677 1040 749 fiuut;
1065 679 1120 735 sed
1144 680 1181 734 di·

205 782 299 822 uenae
312 766 423 822 scholae
436 773 561 822 auctores
578 766 655 821 anuis
673 772 769 838 putent
784 762 954 838 pubertatem
969 765 1180 833 aestimandam,

83 841 86 848 ’
147 835 298 938 tffiidest,
321 867 381 906 eum
401 848 529 924 puberem
546 865 606 905 esse
622 849 786 919 existimant,
808 852 860 921 qui
880 840 886 926 Ι
908 855 1111 905 11111annos
1132 865 1181 904 ea·

190 926 195 938 ’
202 928 323 1007 pleuit.²
338 953 355 991 a
369 963 746 974 -------
764 963 1180 971 -ψ

148 1003 246 1114 toi„
262 1012 378 1076 2-24,
743 1050 759 1054 -
800 1012 864 1074 19⁷.
888 1009 1001 1074 ⁸....
1029 1011 1033 1094 l
1058 1026 1181 1074 aetatem

205 1107 375 1177 peruenerit,
398 1107 426 1162 in
449 1121 501 1180 que
523 1119 566 1160 res
589 1119 654 1158 suas
677 1103 748 1157 tueri
769 1102 873 1174 possit,
895 1102 976 1157 sicuti
997 1104 1079 1176 apud
1105 1110 1193 1176 pere-l
1208 1126 1214 1140 ’κ

205 1191 296 1264 grinas
317 1198 415 1265 gentes
436 1189 582 1259 custodiri,
604 1187 731 1260 superius
751 1186 937 1249 iudicauimus,
981 1183 1050 1244 198.
1075 1188 1117 1243 Ex
1139 1191 1181 1242 iis-

206 1275 266 1412 deula
282 1278 370 1392 causis
386 1283 414 1330 ct
430 1277 455 1330 in
472 1273 621 1347 prouinciis
636 1289 650 1328 a
666 1269 836 1345 praesidibus
852 1287 944 1363 earum
960 1279 1111 1365 curatores
1128 1272 1181 1327 dari

214 1374 249 1413 uo
264 1367 314 1414 tut.

281 1497 302 1565 ¹)
317 1499 459 1550 Librarius
477 1502 586 1550 alterurn
603 1498 732 1564 syllabam
744 1513 837 1548 errore
856 1497 896 1547 bis
908 1499 1050 1561 scripsisse
1064 1500 1179 1548 uidetur.

208 1566 229 1636 ²)
243 1571 275 1620 In
286 1587 314 1634 p.
329 1582 364 1623 ss.
395 1570 477 1621 Gaius
486 1572 599 1634 primunr
613 1571 645 1620 de
655 1569 793 1634 pubertate
805 1569 910 1620 Neratii
922 1568 1014 1619 Prisci
1022 1572 1179 1620 sententim

207 1640 277 1707 (Uip.
293 1655 327 1698 11.
341 1639 378 1710 28)
393 1642 535 1702 addidisse,
550 1642 645 1692 deinde
658 1642 695 1690 ad
708 1656 754 1690 eas
763 1655 901 1704 paeones,
915 1655 981 1704 quae
995 1642 1023 1689 in
1038 1643 1180 1697 curatione

206 1720 266 1763 sunt
276 1713 321 1779 (cs.
333 1726 354 1776 1,
368 1725 415 1765 142.
427 1711 486 1778 143),
500 1715 637 1762 transiisse
652 1712 764 1771 ridetur,
779 1712 811 1761 de
825 1710 917 1777 quibus
932 1710 998 1760 baec
1012 1711 1093 1761 babet
1106 1711 1178 1775 Epil.

207 1797 227 1846 1,
238 1797 273 1835 m:
289 1781 423 1834 ‘Peractis
432 1783 610 1848 pupillaribus
624 1785 709 1842 annis,
724 1781 818 1848 qulbus
833 1790 932 1832 tutores
945 1781 1131 1843 absoluuntur,
1145 1784 1180 1831 ad

208 1863 344 1906 curatores
362 1857 432 1904 ratio
451 1856 577 1904 minorum
600 1855 696 1918 incipit
713 1855 856 1917 pertinere.
901 1851 955 1902 Sub
973 1860 1100 1903 curatore
1120 1862 1180 1903 sunt

208 1928 320 1976 minores
333 1933 426 1983 aetate,
440 1927 552 1976 maiores
565 1939 710 1985 euersores,
724 1927 821 1974 insani.
855 1923 902 1982 Hi,
920 1925 966 1988 qui
979 1925 1095 1974 minores
1109 1933 1178 1982 sunt,
1249 1952 1250 1955 =

114 2036 118 2047 .
208 2012 287 2064 usque
301 1999 338 2047 nd
350 2000 446 2064 ulpiuli
459 2005 484 2048 el
497 2000 608 2063 quinque
621 2012 706 2048 annos
714 1998 832 2063 impletos
841 1994 888 2046 sub
897 2003 1022 2046 curatore
1029 2004 1100 2046 sunt.
1130 1995 1179 2057 Qui

208 2085 271 2120 uero
286 2084 422 2120 euersores
433 2076 480 2119 aul
493 2070 582 2120 insani
595 2076 664 2128 sunt,
677 2070 747 2119 omni
760 2074 873 2131 tempore
882 2068 952 2117 uitae
965 2082 1029 2117 suae
1037 2066 1087 2117 sub
1097 2084 1177 2117 eura-

208 2149 264 2192 tore
278 2157 333 2193 esse
347 2141 476 2199 iubentur,
491 2143 536 2205 qui
549 2140 719 2190 substantiam
732 2154 806 2188 suam
820 2138 1014 2189 rationabiliter
1025 2139 1178 2204 pubernare

207 2229 258 2263 uon
269 2210 398 2277 possunt’
458 2208 478 2277 Β)
496 2211 577 2261 Gaius
587 2213 701 2275 primum
716 2217 744 2260 ul
758 2209 813 2274 Uip.
823 2222 858 2273 12,
869 2220 938 2260 1—4.
952 2210 986 2259 de
999 2210 1177 2267 curatoribus,

208 2286 253 2348 qui
271 2300 305 2333 err
324 2286 379 2349 lepe
395 2286 446 2327 XI!
462 2282 513 2331 tab.
528 2285 568 2330 uel
586 2282 618 2331 ab
637 2284 694 2345 ipso
709 2288 834 2345 praetore
852 2283 892 2330 uel
910 2295 945 2331 ea
963 2282 1019 2346 lepe
1039 2280 1177 2332 Plaetoria

207 2354 313 2412 dantur,
328 2353 475 2415 disputasse
493 2358 518 2400 et
536 2352 630 2401 deinde
642 2367 690 2401 suo
704 2366 775 2402 neore
793 2352 927 2402 addidisse
941 2352 1054 2410 uidetur,
1071 2354 1137 2416 quid
1150 2355 1176 2401 in

208 2423 256 2472 boe
277 2425 335 2471 iure
358 2424 476 2471 naturali
498 2422 600 2472 ratione
623 2425 788 2472 comitiatum
810 2425 890 2487 (uelut
908 2422 1029 2486 furiosos
1052 2431 1177 2474 curatore

208 2490 286 2557 repi),
306 2494 370 2556 quid
382 2494 453 2541 iuris
465 2493 551 2541 eiuilis
560 2494 603 2541 sit.
629 2493 727 2543 Cinium
738 2493 809 2544 Rom.
821 2495 959 2558 proprium
969 2508 1034 2553 esse,
1048 2496 1120 2559 quod
1133 2497 1176 2544 lea

210 2563 346 2614 Plaetoria
360 2570 497 2615 curatores
510 2580 545 2613 ecc
563 2565 640 2613 iustis
654 2567 742 2615 causis
753 2564 897 2615 minoribus
910 2568 979 2610 HV
990 2578 1051 2614 ann.
1066 2580 1084 2614 a
1093 2581 1175 2629 prae-

208 2643 265 2685 tore
279 2634 379 2686 urbano
394 2635 456 2685 dari
470 2637 553 2694 iussit,
573 2652 630 2686 eum
648 2637 765 2700 alioquin
784 2637 903 2685 naturali
916 2636 1015 2686 rationi
1029 2638 1174 2695 conueniat,

209 2715 237 2757 ut
251 2709 274 2757 is
288 2715 386 2758 tanturn
404 2708 516 2757 aliorum
534 2706 647 2758 arbitrio
665 2714 787 2772 reputer,
806 2709 852 2772 qui
867 2708 979 2757 noudum
992 2708 1029 2757 ad
1042 2722 1095 2756 eam
1108 2715 1175 2756 aeta-

209 2787 257 2830 tem
270 2776 421 2843 peruenerit'
437 2786 485 2829 etc,
513 2779 553 2829 De
567 2778 734 2829 curatoribus
752 2778 851 2827 adultis
868 2785 1017 2828 testamento
1036 2779 1108 2829 datis
1119 2786 1146 2828 et
1159 2795 1174 2827 a

205 2858 330 2914 praetore
344 2852 504 2913 confirmatis
520 2850 611 2900 Guium
621 2852 713 2915 spisse,
729 2857 757 2898 ut
770 2851 824 2898 vult
835 2850 876 2899 ed.
886 2848 969 2908 Stud,
983 2848 1110 2899 credibile
1123 2865 1174 2900 non

208 2929 253 2971 est.
279 2922 317 2985 Cf.
328 2924 352 2983 ἕ.
363 2933 410 2973 189.
435 2920 470 2970 Et
483 2922 515 2972 de
525 2938 576 2972 uon
588 2923 647 2971 iure
656 2922 726 2971 datie
734 2921 782 2970 sed
790 2922 950 2982 confirmatis
961 2919 1051 2979 Gaius,
1068 2923 1094 2971 si
1107 2924 1175 2972 role-

209 2991 264 3052 bat,
279 2994 369 3055 potius
388 2994 414 3040 in
434 2992 562 3042 tutoribus
580 3008 660 3058 apere
678 2991 815 3042 debuisset,
880 2987 901 3057 ⁴)
921 2990 1004 3041 uolunt
1026 2992 1055 3040 V
1055 2988 1088 3051 ’ἢ
1107 2993 1176 3057 quod

209 3064 280 3111 nullo
303 3063 377 3111 ruodo
396 3062 498 3111 uidetur
513 3063 585 3126 ferri
603 3078 690 3128 posse.
727 3062 805 3112 solent
827 3062 935 3115 Lacbrn.
958 3065 1005 3126 qi,
1027 3069 1055 3113 ul
1072 3064 1175 3113 eaedem

209 3147 305 3182 causae
318 3134 481 3195 spectantad
490 3134 616 3197 furiosos,
627 3135 765 3199 prodipos,
780 3135 1047 3193 nrinoresnl'ann„
1058 3136 1175 3197 lmtasse

209 3212 287 3254 recte.
320 3201 351 3252 Ut
369 3217 416 3252 uos
434 3205 517 3253 locum
534 3206 718 3263 intelleximus,
737 3204 810 3254 voluit
820 3206 936 3269 pertinet
953 3205 990 3254 ad
1003 3207 1083 3269 lepern
1098 3206 1174 3254 Plae-

208 3278 312 3334 torium,
327 3290 402 3340 quam
412 3289 441 3323 eo
452 3281 563 3339 tempore
578 3278 656 3325 latam
666 3291 729 3334 esse,
743 3291 793 3340 quo
803 3277 1016 3339 iamprooinciae
1029 3278 1057 3326 in
1072 3277 1175 3326 dicione

210 3346 327 3397 Romanu
345 3352 432 3407 erant,
452 3346 528 3394 etiam
546 3347 615 3396 alius
633 3346 771 3410 probabile
793 3354 839 3397 est.
878 3346 932 3397 Nec
954 3346 1110 3413 refrepaiur
1131 3347 1176 3397 bic

209 3560 227 3607 d
279 3485 382 3623 (§.19)t.
404 3488 442 3551 Cf.
458 3489 481 3549 ξ.
493 3499 539 3539 1so.
594 3483 620 3554 ς.
637 3489 696 3538 198.
714 3487 753 3549 Cf.
766 3487 829 3539 L.e.
849 3490 872 3551 5.
883 3499 904 3538 s.
924 3488 1174 3538 discuteretur.

227 3566 262 3607 al.
289 3568 371 3619 imo.
