2550 4000
185 239 246 304 158
618 257 704 293 ems.

183 379 246 434 Gaii
262 379 342 433 libris
359 380 395 433 ad
413 379 536 434 edictum
552 378 682 433 urbicum
700 378 803 432 alteros
820 379 857 432 ed
875 379 999 433 edictum
1020 380 1133 447 provin·

183 447 253 502 ciale
270 446 435 501 substitutos
453 462 520 509 osse,
538 446 700 500 solennibus
715 448 812 500 temen
828 446 957 515 partibus
975 448 1004 500 et
1014 446 1132 500 nomini·

182 514 235 568 bus
252 516 378 579 retentis,
395 515 426 568 id
444 531 506 568 cuin
523 530 553 568 re
571 514 632 582 ipsa
648 513 799 567 verisimile
817 515 882 577 est‚¹
902 516 964 567 tuin
982 529 1016 567 eo
1034 513 1132 566 confir·

182 582 283 648 matur,
302 583 378 650 quod
395 581 543 636 Iustiniani
560 581 619 635 tem
641 596 688 636 ore
700 580 765 634 libri
777 580 813 634 ad
825 581 949 634 edictum
961 580 1133 650 provinciale

182 639 286 718 integri
298 651 440 714 extabant,
460 665 493 702 cx
505 648 584 701 libris
601 597 640 701 ag
650 648 693 705 cd.
705 648 833 702 urbicum
849 663 917 702 vero
934 649 964 701 in
981 648 1132 717 provinciis

67 733 74 742 ·
183 716 291 770 scilicet
306 718 443 788 neglectis
459 716 570 770 tantum
588 715 687 768 decem
703 718 876 794 supererant

227 783 341 861 ‘Etiam
363 785 449 838 libros
471 799 505 836 cx
527 781 673 861 Q3Mucio
695 781 796 836 Gaium
821 801 852 836 in
873 782 1030 838 scholarum
1052 798 1185 853 usunips]

182 849 1133 996 tristaturttutzltlltrlotsso“securitatis

183 984 309 1039 mulsidis
336 986 398 1040 loco
421 984 527 1052 ahquid
549 984 655 1038 addens
677 984 771 1038 verbis
793 985 861 1039 ‘hoc
883 985 974 1040 solum
995 984 1134 1103 mbsper

184 1051 287 1105 sufficit
312 1053 497 1107 admonuisse’
526 1056 565 1116 (1,
588 1057 645 1105 188.
668 1050 702 1105 cf,
721 1057 750 1116 2,
772 1054 838 1118 ei),
863 1068 956 1107 nonne
983 1051 1092 1119 discipu
1104 1066 1133 1104 os

183 1117 296 1172 videtur
312 1120 459 1188 respicere,
478 1133 513 1172 cx
529 1119 585 1172 illis
601 1118 681 1172 libris
718 1119 796 1172 ostes
806 1119 920 1173 uberius
937 1118 1132 1172 instruendos?

184 1185 325 1254 Suspioari
343 1187 430 1256 igitur
446 1185 521 1248 licet,
538 1185 568 1238 in
586 1185 687 1240 scholis
697 1135 753 1239 {ios
770 1186 857 1240 libros
868 1190 952 1241 antea
963 1202 1028 1240 eum
1040 1184 1133 1239 locum

184 1254 346 1318 obtinuisse,
364 1255 394 1306 in
411 1269 495 1320 quein
512 1253 612 1320 postea
627 1252 776 1321 Papiniani
792 1269 926 1322 response
940 1253 1078 1307 vonerint.

242 1321 378 1399 ¹Denique
396 1320 503 1388 primus
516 1319 610 1385 Gaius,
628 1321 734 1374 utiam
751 1320 817 1386 dixi,
837 1321 978 1375 clementa
994 1319 1132 1388 quaedam

182 1388 250 1442 iuris
267 1389 357 1442 civilis
375 1388 532 1456 composuit
549 1389 578 1440 εὴ
595 1388 630 1441 ab
648 1387 716 1455 ipsis
730 1387 908 1442 instituendis
925 1387 1055 1442 studiosis
1073 1402 1133 1440 ora·

182 1457 275 1510 torum
293 1454 453 1524 exemplum
465 1454 592 1508 secutus²
605 1454 760 1523 appellavit
770 1454 972 1520 Institutiones‚
990 1454 1037 1508 rel
1048 1469 1133 1530 quem

183 1523 325 1592 integrum
342 1523 361 1578 i.
376 1539 399 1576 e.
419 1539 436 1575 a
452 1521 573 1574 librariis
590 1521 715 1575 nondum
725 1522 888 1576 mutilatum
900 1521 1037 1576 eiusmodi
1048 1521 1132 1574 libro-

182 1606 245 1644 rum
261 1591 345 1643 fuisse
362 1588 478 1643 titulum
489 1589 586 1642 malim
601 1588 719 1656 opinari,
737 1590 940 1644 ‘Institutiones
951 1589 1019 1643 iuris
1031 1587 1131 1642 civilis’

183 1659 296 1711 auctore
319 1656 445 1711 Lactant.
464 1662 491 1721 1,
513 1664 534 1713 i.
553 1661 576 1720 ς.
597 1662 636 1710 12.
673 1655 769 1709 ‘Etsi
790 1657 905 1734 quidam
927 1655 1082 1725 prudentes
1103 1657 1135 1708 et

182 1724 281 1778 arbitri
303 1724 452 1793 aequitatis
473 1723 663 1777 institutiones
685 1723 775 1777 civilis
796 1725 863 1776 iuris
885 1723 1053 1792 compositas
1075 1721 1134 1775 edi-

183 1792 297 1855 derunt,
324 1792 425 1859 quibus
447 1791 551 1844 civium
577 1790 770 1843 dissidentium
795 1790 860 1845 lites
886 1791 1134 1858 contentionesque

182 1873 212 1912 so
233 1860 314 1923 irent,
334 1861 438 1926 quanto
460 1857 560 1911 melius
576 1873 626 1910 nos
648 1858 678 1911 et
694 1858 797 1911 rectius
818 1858 928 1912 divinas
944 1856 1135 1911 institutiones

181 1876 285 1980 hbltcns
314 1929 544 2045 perserpuemur’?
574 1924 673 1992 Neque
696 1924 850 1978 audiendus
873 1928 917 1979 est
936 1925 1133 1989 Mommsenus‚

182 1994 238 2071 qui,
253 1991 390 2047 Iractaiitii
422 2008 472 2046 oco
494 1991 625 2071 ignorato
641 1993 671 2047 εὴ
692 1993 792 2113 Ἓτεῗὲίε
814 1992 989 2070 collationis,
1012 1989 1132 2069 Boethii,

182 2061 390 2139 llisigotlioruui
408 2061 438 2113 et
454 2061 601 2139 Iustiniani
617 2076 647 2138 in
663 2059 703 2113 Le
719 2061 769 2113 'nie
785 2060 1036 2139 'constitutionibus
1058 2060 1088 2112 et
1102 2075 1134 2137 in

181 2144 249 2205 ipsis
272 2128 450 2231 Digestorum
472 2128 700 2228 inscriptionibus
726 2128 894 2205 testimonus
920 2142 1075 2205 genuinum
1100 2142 1135 2179 iis

181 2195 526 2384 {tltnlttttttt
544 2196 980 2339 ‹ttttattitlittltttt
994 2193 1134 2317 iltuit

205 2346 239 2383 ic.
252 2329 375 2397 Top.,II.
395 2346 422 2397 p.
435 2334 492 2406 229.
506 2329 668 2406 ocaeano,
685 2344 751 2406 cum
768 2328 875 2407 duduin
887 2328 936 2383 Ev.
950 2328 1018 2383 Otto
1034 2344 1133 2406 comni.

182 2394 595 2541 tttttatitatl¹¹t¹tltt
613 2396 700 2516 lut
715 2396 1134 2541 tttttllfioltffifittl:

182 2532 302 2599 plasium
326 2530 472 2583 Iustiniani
494 2530 704 2583 Institutionum
730 2546 790 2584 eius
811 2547 840 2584 in
860 2531 944 2584 titulo
967 2546 1060 2598 operis
1081 2529 1134 2583 hoc

184 2598 268 2651 verbo
286 2611 350 2651 usos
369 2612 428 2649 esse
447 2612 481 2650 ex
498 2597 614 2650 licentia
631 2596 816 2663 Graecorum,
834 2599 926 2651 totuin
944 2614 1014 2665 opus
1031 2591 1067 2651 τὰ
1080 2589 1135 2650 Ἰν·

183 2670 316 2742 ortroeru
334 2666 377 2741 (ut
393 2664 465 2717 Flor.
482 2663 540 2741 ind.
559 2665 645 2743 etiam
662 2665 751 2719 habet
768 2664 932 2745 ‘Definiton’
950 2681 1002 2732 pro
1021 2663 1134 2717 ‘Defini-

178 2730 473 2853 ‚tI-ionum'),'s1ngulos
496 2731 738 2852 Yllust‘hbrossviv
758 2751 887 2851 Ἑρωτην,
910 2729 1051 2799 δευτέραν
1073 2735 1134 2851 reat.

201 2818 405 2878 corisopricrvoi
423 2814 555 2876 appeqan
569 2816 635 2876 iuni,
693 2816 764 2878 ccun
784 2816 832 2851 iim
850 2815 885 2877 ee
901 2815 981 2876 vero,
1004 2814 1076 2877 quae
1118 2814 1135 2852 e

183 2868 269 2921 edicti
286 2867 366 2921 libris
379 2855 565 2935 singularibus
577 2866 729 2934 disputavi,
740 2882 793 2920 nec
805 2866 912 2931 dubito,
925 2865 1027 2922 Gaium
1042 2882 1135 2934 ipsum

254 3025 275 3092 ¹)
289 3025 435 3075 Provinciale
456 3025 518 3073 enini
539 3024 641 3073 edictum
660 3034 684 3074 et
702 3028 779 3089 ipsum
794 3027 930 3077 continebat
948 3027 1052 3075 edictum
1069 3024 1136 3075 urbi·

181 3112 249 3158 cum,
267 3097 331 3160 quod
345 3103 370 3145 ut
384 3096 487 3144 lulianus
502 3100 599 3156 praetor
612 3104 780 3159 composuerat
798 3104 823 3145 ct
836 3103 993 3160 proposuerat
1011 3102 1066 3159 post
1078 3110 1136 3158 per-

181 3175 251 3231 petuo
271 3167 380 3215 similiter
398 3166 590 3228 proponendum,
611 3167 645 3215 ita
664 3167 797 3217 Hadrianus
815 3168 943 3230 proconsul
961 3168 985 3215 iri
1005 3166 1136 3230 provinciis

181 3240 230 3287 suis
249 3237 403 3300 proposuisse
424 3243 447 3285 et
466 3234 525 3285 scio
541 3236 602 3285 lacto
623 3236 701 3301 (cuius
715 3237 858 3286 lastinianus
872 3244 948 3287 const.
977 3238 1052 3286 Tanta
1070 3237 1135 3285 circa

180 3310 203 3370 ξ.
219 3320 250 3359 18.
267 3307 382 3369 nicininit)
397 3321 411 3355 a
424 3307 527 3381 pecteris
542 3308 724 3369 proconsulibus
743 3308 922 3371 proponendum
942 3322 1037 3356 curasse
1052 3306 1136 3355 existi-

181 3379 279 3428 mandus
298 3385 342 3427 cst.
372 3377 437 3426 Unde
456 3376 556 3425 Paeanio
576 3383 636 3426 teste
651 3378 691 3442 (ad
705 3378 802 3442 Eutrop.
821 3390 842 3430 a.
861 3378 884 3442 e)
904 3379 1006 3427 edictum
1026 3377 1089 3441 quod
1111 3376 1136 3425 iu

180 3450 245 3498 italie
260 3449 341 3498 Latine
357 3448 480 3497 dicebatur
494 3454 647 3510 perpetuum,
666 3450 737 3498 etiem
755 3464 799 3499 suo
814 3456 920 3512 tempore
935 3442 966 3499 τὸ
980 3439 1136 3511 Ἀδριοὶνιον

180 3520 306 3569 vocitatum
327 3526 370 3568 cst.
445 3513 465 3582 ²)
481 3516 539 3566 Nem
559 3525 583 3566 et
601 3518 756 3576 Quintilianus
774 3520 948 3569 institutionem
966 3518 1095 3567 oratoriam
1110 3525 1135 3566 et

181 3590 263 3639 Celsus
278 3598 358 3639 orator
378 3594 438 3637 teste
453 3588 532 3637 Schol.
548 3588 578 3637 ad
593 3589 694 3639 luvenal.
710 3603 730 3652 s,
745 3602 791 3642 rte.
816 3591 979 3639 institutiones
993 3588 1133 3651 scripserat.
