<?xml version="1.0" encoding="UTF-8"?>
<!DOCTYPE html PUBLIC "-//W3C//DTD XHTML 1.0 Transitional//EN"
    "http://www.w3.org/TR/xhtml1/DTD/xhtml1-transitional.dtd">
<html xmlns="http://www.w3.org/1999/xhtml" xml:lang="en" lang="en">
 <head>
  <title>
</title>
<meta http-equiv="Content-Type" content="text/html;charset=utf-8" />
  <meta name='ocr-system' content='tesseract 3.04.00' />
  <meta name='ocr-capabilities' content='ocr_page ocr_carea ocr_par ocr_line ocrx_word'/>
</head>
<body>
  <div class='ocr_page' id='page_1' title='image "./gaiiinstitution00kbgoog_0177.png"; bbox 0 0 2550 4000; ppageno 0'>
   <div class='ocr_carea' id='block_1_1' title="bbox 426 214 1061 282">
    <p class='ocr_par' dir='ltr' id='par_1_1' title="bbox 426 214 1061 282">
     <span class='ocr_line' id='line_1_1' title="bbox 426 214 1061 282; baseline 0.027 -16"><span class='ocrx_word' id='word_1_1' title='bbox 426 231 487 268; x_wconf 74' lang='lat' dir='ltr'><strong>osu</strong></span> <span class='ocrx_word' id='word_1_2' title='bbox 507 232 605 272; x_wconf 77' lang='lat' dir='ltr'><strong>ausono.</strong></span> <span class='ocrx_word' id='word_1_3' title='bbox 623 214 645 272; x_wconf 87' lang='lat' dir='ltr'><strong>I.</strong></span> <span class='ocrx_word' id='word_1_4' title='bbox 665 220 722 272; x_wconf 77' lang='lat'><strong>132.</strong></span> <span class='ocrx_word' id='word_1_5' title='bbox 997 216 1061 282; x_wconf 75' lang='lat'><strong>205</strong></span> 
     </span>
    </p>
   </div>
   <div class='ocr_carea' id='block_1_2' title="bbox 8 368 1061 1721">
    <p class='ocr_par' dir='ltr' id='par_1_2' title="bbox 8 368 1061 1721">
     <span class='ocr_line' id='line_1_2' title="bbox 8 368 1059 437; baseline 0.006 -11"><span class='ocrx_word' id='word_1_6' title='bbox 8 386 60 437; x_wconf 72' lang='lat' dir='ltr'><strong>ise]</strong></span> <span class='ocrx_word' id='word_1_7' title='bbox 80 368 206 431; x_wconf 84' lang='lat' dir='ltr'><strong>rentun¹</strong></span> <span class='ocrx_word' id='word_1_8' title='bbox 230 373 343 432; x_wconf 85' lang='lat' dir='ltr'><strong>aiteiius</strong></span> <span class='ocrx_word' id='word_1_9' title='bbox 366 375 484 431; x_wconf 88' lang='lat' dir='ltr'><strong>ciuitatis</strong></span> <span class='ocrx_word' id='word_1_10' title='bbox 513 368 613 432; x_wconf 82' lang='lat' dir='ltr'><strong>ciues.²</strong></span> <span class='ocrx_word' id='word_1_11' title='bbox 662 370 728 433; x_wconf 78' lang='lat'>1³2.</span> <span class='ocrx_word' id='word_1_12' title='bbox 750 368 943 432; x_wconf 84' lang='lat' dir='ltr'><strong>’Praeteren³</strong></span> <span class='ocrx_word' id='word_1_13' title='bbox 969 392 1059 432; x_wconf 91' lang='lat' dir='ltr'><strong>eman-</strong></span> 
     </span>
     <span class='ocr_line' id='line_1_3' title="bbox 77 458 1060 534; baseline 0 -18"><span class='ocrx_word' id='word_1_14' title='bbox 77 461 227 534; x_wconf 88' lang='lat' dir='ltr'><strong>cipatione</strong></span> <span class='ocrx_word' id='word_1_15' title='bbox 249 459 378 516; x_wconf 88' lang='lat' dir='ltr'><strong>desinunt</strong></span> <span class='ocrx_word' id='word_1_16' title='bbox 399 458 477 516; x_wconf 87' lang='lat' dir='ltr'><strong>liberi</strong></span> <span class='ocrx_word' id='word_1_17' title='bbox 501 459 529 514; x_wconf 94' lang='lat' dir='ltr'><strong>in</strong></span> <span class='ocrx_word' id='word_1_18' title='bbox 557 466 696 533; x_wconf 78' lang='lat' dir='ltr'><strong>potestate</strong></span> <span class='ocrx_word' id='word_1_19' title='bbox 717 462 873 534; x_wconf 88' lang='lat' dir='ltr'><strong>parentium</strong></span> <span class='ocrx_word' id='word_1_20' title='bbox 902 477 974 518; x_wconf 86' lang='lat' dir='ltr'><strong>esse.</strong></span> <span class='ocrx_word' id='word_1_21' title='bbox 1017 470 1060 516; x_wconf 84' lang='lat' dir='ltr'><strong>set</strong></span> 
     </span>
     <span class='ocr_line' id='line_1_4' title="bbox 78 541 1059 618; baseline 0.003 -19"><span class='ocrx_word' id='word_1_22' title='bbox 78 544 161 602; x_wconf 88' lang='lat' dir='ltr'><strong>filius</strong></span> <span class='ocrx_word' id='word_1_23' title='bbox 179 543 288 618; x_wconf 86' lang='lat' dir='ltr'><strong>quidem</strong></span> <span class='ocrx_word' id='word_1_24' title='bbox 305 544 392 602; x_wconf 84' lang='lat' dir='ltr'><strong>tribus</strong></span> <span class='ocrx_word' id='word_1_25' title='bbox 415 541 675 617; x_wconf 88' lang='lat' dir='ltr'><strong>mancipationibus‚</strong></span> <span class='ocrx_word' id='word_1_26' title='bbox 698 543 783 600; x_wconf 89' lang='lat' dir='ltr'><strong>ceteri</strong></span> <span class='ocrx_word' id='word_1_27' title='bbox 806 543 979 613; x_wconf 75' lang='lat' dir='ltr'><strong>occultiori,</strong></span> <span class='ocrx_word' id='word_1_28' title='bbox 1000 546 1059 602; x_wconf 90' lang='lat' dir='ltr'><strong>siue</strong></span> 
     </span>
     <span class='ocr_line' id='line_1_5' title="bbox 77 627 1059 703; baseline 0 -19"><span class='ocrx_word' id='word_1_29' title='bbox 77 628 230 686; x_wconf 80' lang='lat' dir='ltr'><strong>masculini</strong></span> <span class='ocrx_word' id='word_1_30' title='bbox 245 645 326 685; x_wconf 77' lang='lat' dir='ltr'><strong>sexus</strong></span> <span class='ocrx_word' id='word_1_31' title='bbox 342 631 401 686; x_wconf 87' lang='lat' dir='ltr'><strong>siue</strong></span> <span class='ocrx_word' id='word_1_32' title='bbox 416 627 548 699; x_wconf 82' lang='lat' dir='ltr'><strong>seminini,</strong></span> <span class='ocrx_word' id='word_1_33' title='bbox 569 644 622 682; x_wconf 91' lang='lat' dir='ltr'><strong>noa</strong></span> <span class='ocrx_word' id='word_1_34' title='bbox 636 628 836 701; x_wconf 78' lang='lat' dir='ltr'><strong>mancipatione</strong></span> <span class='ocrx_word' id='word_1_35' title='bbox 851 637 951 687; x_wconf 82' lang='lat' dir='ltr'><strong>exeunt</strong></span> <span class='ocrx_word' id='word_1_36' title='bbox 964 628 998 685; x_wconf 86' lang='lat' dir='ltr'><strong>(ie</strong></span> <span class='ocrx_word' id='word_1_37' title='bbox 1013 646 1059 703; x_wconf 87' lang='lat' dir='ltr'><strong>pa·</strong></span> 
     </span>
     <span class='ocr_line' id='line_1_6' title="bbox 78 711 1060 787; baseline -0.001 -17"><span class='ocrx_word' id='word_1_38' title='bbox 78 715 208 770; x_wconf 83' lang='lat' dir='ltr'><strong>rentium</strong></span> <span class='ocrx_word' id='word_1_39' title='bbox 223 721 376 786; x_wconf 78' lang='lat' dir='ltr'><strong>potestate:</strong></span> <span class='ocrx_word' id='word_1_40' title='bbox 400 713 444 769; x_wconf 82' lang='lat' dir='ltr'><strong>ten</strong></span> <span class='ocrx_word' id='word_1_41' title='bbox 459 713 530 768; x_wconf 88' lang='lat' dir='ltr'><strong>enim</strong></span> <span class='ocrx_word' id='word_1_42' title='bbox 545 727 592 770; x_wconf 66' lang='grc' dir='ltr'><strong>χιι</strong></span> <span class='ocrx_word' id='word_1_43' title='bbox 612 711 764 768; x_wconf 85' lang='lat' dir='ltr'><strong>tabularum</strong></span> <span class='ocrx_word' id='word_1_44' title='bbox 779 721 885 774; x_wconf 71' lang='lat' dir='ltr'><strong>tntum</strong></span> <span class='ocrx_word' id='word_1_45' title='bbox 900 715 927 770; x_wconf 90' lang='lat' dir='ltr'><strong>in</strong></span> <span class='ocrx_word' id='word_1_46' title='bbox 943 729 1060 787; x_wconf 83' lang='lat' dir='ltr'><strong>persona</strong></span> 
     </span>
     <span class='ocr_line' id='line_1_7' title="bbox 80 796 1061 872; baseline 0 -19"><span class='ocrx_word' id='word_1_47' title='bbox 80 797 138 853; x_wconf 83' lang='lat' dir='ltr'><strong>filii</strong></span> <span class='ocrx_word' id='word_1_48' title='bbox 159 797 194 853; x_wconf 90' lang='lat' dir='ltr'><strong>de</strong></span> <span class='ocrx_word' id='word_1_49' title='bbox 217 797 305 854; x_wconf 84' lang='lat' dir='ltr'><strong>tribus</strong></span> <span class='ocrx_word' id='word_1_50' title='bbox 328 796 571 870; x_wconf 89' lang='lat' dir='ltr'><strong>mancipationibus</strong></span> <span class='ocrx_word' id='word_1_51' title='bbox 593 796 718 870; x_wconf 81' lang='lat' dir='ltr'><strong>loquitur</strong></span> <span class='ocrx_word' id='word_1_52' title='bbox 738 797 782 853; x_wconf 77' lang='lat' dir='ltr'><strong>iuis</strong></span> <span class='ocrx_word' id='word_1_53' title='bbox 801 797 906 854; x_wconf 86' lang='lat' dir='ltr'><strong>uerbis:</strong></span> <span class='ocrx_word' id='word_1_54' title='bbox 927 796 962 854; x_wconf 74' lang='lat' dir='ltr'><strong>‘si</strong></span> <span class='ocrx_word' id='word_1_55' title='bbox 983 807 1061 872; x_wconf 84' lang='lat' dir='ltr'><strong>pater</strong></span> 
     </span>
     <span class='ocr_line' id='line_1_8' title="bbox 81 873 1060 958; baseline 0.001 -20"><span class='ocrx_word' id='word_1_56' title='bbox 81 876 165 958; x_wconf 75' lang='lat' dir='ltr'><strong>(ter)</strong></span> <span class='ocrx_word' id='word_1_57' title='bbox 182 881 266 938; x_wconf 86' lang='lat' dir='ltr'><strong>tilium</strong></span> <span class='ocrx_word' id='word_1_58' title='bbox 289 898 390 940; x_wconf 89' lang='lat' dir='ltr'><strong>uenum</strong></span> <span class='ocrx_word' id='word_1_59' title='bbox 416 881 485 953; x_wconf 84' lang='lat' dir='ltr'><strong>duit,</strong></span> <span class='ocrx_word' id='word_1_60' title='bbox 501 879 572 938; x_wconf 86' lang='lat' dir='ltr'><strong>titius</strong></span> <span class='ocrx_word' id='word_1_61' title='bbox 589 873 636 956; x_wconf 84' lang='lat' dir='ltr'><strong>(a)</strong></span> <span class='ocrx_word' id='word_1_62' title='bbox 652 890 729 955; x_wconf 84' lang='lat' dir='ltr'><strong>patre</strong></span> <span class='ocrx_word' id='word_1_63' title='bbox 744 880 813 938; x_wconf 85' lang='lat' dir='ltr'><strong>tiber</strong></span> <span class='ocrx_word' id='word_1_64' title='bbox 829 877 930 940; x_wconf 84' lang='lat' dir='ltr'><strong>esto&#39;.⁴</strong></span> <span class='ocrx_word' id='word_1_65' title='bbox 967 899 1060 956; x_wconf 82' lang='lat' dir='ltr'><strong>eaque</strong></span> 
     </span>
     <span class='ocr_line' id='line_1_9' title="bbox 79 964 1059 1041; baseline 0 -19"><span class='ocrx_word' id='word_1_66' title='bbox 79 983 131 1022; x_wconf 84' lang='lat' dir='ltr'><strong>res</strong></span> <span class='ocrx_word' id='word_1_67' title='bbox 155 969 194 1022; x_wconf 89' lang='lat' dir='ltr'><strong>ita</strong></span> <span class='ocrx_word' id='word_1_68' title='bbox 216 967 324 1040; x_wconf 80' lang='lat' dir='ltr'><strong>agitur:</strong></span> <span class='ocrx_word' id='word_1_69' title='bbox 349 967 483 1041; x_wconf 81' lang='lat' dir='ltr'><strong>mancipat</strong></span> <span class='ocrx_word' id='word_1_70' title='bbox 498 976 576 1040; x_wconf 84' lang='lat' dir='ltr'><strong>pater</strong></span> <span class='ocrx_word' id='word_1_71' title='bbox 590 964 676 1022; x_wconf 86' lang='lat' dir='ltr'><strong>filium</strong></span> <span class='ocrx_word' id='word_1_72' title='bbox 690 965 786 1036; x_wconf 83' lang='lat' dir='ltr'><strong>aiicui3</strong></span> <span class='ocrx_word' id='word_1_73' title='bbox 809 968 917 1024; x_wconf 84' lang='lat' dir='ltr'><strong>iseum</strong></span> <span class='ocrx_word' id='word_1_74' title='bbox 940 967 1059 1024; x_wconf 90' lang='lat' dir='ltr'><strong>uindicta</strong></span> 
     </span>
     <span class='ocr_line' id='line_1_10' title="bbox 80 1052 1058 1125; baseline 0 -17"><span class='ocrx_word' id='word_1_75' title='bbox 80 1052 268 1108; x_wconf 84' lang='lat' dir='ltr'><strong>manumittit:</strong></span> <span class='ocrx_word' id='word_1_76' title='bbox 291 1067 324 1108; x_wconf 90' lang='lat' dir='ltr'><strong>co</strong></span> <span class='ocrx_word' id='word_1_77' title='bbox 348 1052 418 1109; x_wconf 89' lang='lat' dir='ltr'><strong>iacto</strong></span> <span class='ocrx_word' id='word_1_78' title='bbox 439 1052 590 1108; x_wconf 85' lang='lat' dir='ltr'><strong>reuertitur</strong></span> <span class='ocrx_word' id='word_1_79' title='bbox 611 1052 639 1106; x_wconf 93' lang='lat' dir='ltr'><strong>in</strong></span> <span class='ocrx_word' id='word_1_80' title='bbox 662 1057 826 1125; x_wconf 88' lang='lat' dir='ltr'><strong>potestatem</strong></span> <span class='ocrx_word' id='word_1_81' title='bbox 841 1054 942 1125; x_wconf 85' lang='lat' dir='ltr'><strong>patris;</strong></span> <span class='ocrx_word' id='word_1_82' title='bbox 957 1054 981 1108; x_wconf 91' lang='lat' dir='ltr'><strong>is</strong></span> <span class='ocrx_word' id='word_1_83' title='bbox 996 1068 1058 1108; x_wconf 80' lang='lat' dir='ltr'><strong>euin</strong></span> 
     </span>
     <span class='ocr_line' id='line_1_11' title="bbox 80 1133 1058 1210; baseline 0 -18"><span class='ocrx_word' id='word_1_84' title='bbox 80 1137 187 1192; x_wconf 80' lang='lat' dir='ltr'><strong>iterum</strong></span> <span class='ocrx_word' id='word_1_85' title='bbox 210 1136 345 1210; x_wconf 83' lang='lat' dir='ltr'><strong>mancipat</strong></span> <span class='ocrx_word' id='word_1_86' title='bbox 368 1135 412 1192; x_wconf 91' lang='lat' dir='ltr'><strong>uei</strong></span> <span class='ocrx_word' id='word_1_87' title='bbox 435 1136 521 1192; x_wconf 85' lang='lat' dir='ltr'><strong>eidem</strong></span> <span class='ocrx_word' id='word_1_88' title='bbox 544 1135 589 1194; x_wconf 89' lang='lat' dir='ltr'><strong>uel</strong></span> <span class='ocrx_word' id='word_1_89' title='bbox 612 1136 657 1192; x_wconf 88' lang='lat' dir='ltr'><strong>aiii</strong></span> <span class='ocrx_word' id='word_1_90' title='bbox 681 1133 733 1208; x_wconf 85' lang='lat' dir='ltr'><strong>(set</strong></span> <span class='ocrx_word' id='word_1_91' title='bbox 758 1137 786 1190; x_wconf 87' lang='lat' dir='ltr'><strong>in</strong></span> <span class='ocrx_word' id='word_1_92' title='bbox 809 1152 861 1192; x_wconf 84' lang='lat' dir='ltr'><strong>usu</strong></span> <span class='ocrx_word' id='word_1_93' title='bbox 886 1147 944 1209; x_wconf 87' lang='lat' dir='ltr'><strong>est,</strong></span> <span class='ocrx_word' id='word_1_94' title='bbox 971 1136 1058 1192; x_wconf 87' lang='lat' dir='ltr'><strong>cidem</strong></span> 
     </span>
     <span class='ocr_line' id='line_1_12' title="bbox 81 1219 1058 1294; baseline 0.001 -18"><span class='ocrx_word' id='word_1_95' title='bbox 81 1221 245 1294; x_wconf 84' lang='lat' dir='ltr'><strong>mancipari)</strong></span> <span class='ocrx_word' id='word_1_96' title='bbox 274 1222 352 1293; x_wconf 87' lang='lat' dir='ltr'><strong>isque</strong></span> <span class='ocrx_word' id='word_1_97' title='bbox 382 1237 444 1277; x_wconf 89' lang='lat' dir='ltr'><strong>eum</strong></span> <span class='ocrx_word' id='word_1_98' title='bbox 466 1229 562 1294; x_wconf 89' lang='lat' dir='ltr'><strong>postca</strong></span> <span class='ocrx_word' id='word_1_99' title='bbox 584 1219 711 1277; x_wconf 83' lang='lat' dir='ltr'><strong>similiter</strong></span> <span class='ocrx_word' id='word_1_100' title='bbox 737 1219 855 1276; x_wconf 88' lang='lat' dir='ltr'><strong>uindicta</strong></span> <span class='ocrx_word' id='word_1_101' title='bbox 877 1221 1058 1289; x_wconf 61' lang='lat' dir='ltr'><strong>manuninum</strong></span> 
     </span>
     <span class='ocr_line' id='line_1_13' title="bbox 83 1297 1060 1382; baseline 0.002 -22"><span class='ocrx_word' id='word_1_102' title='bbox 83 1322 119 1361; x_wconf 92' lang='lat' dir='ltr'><strong>eo</strong></span> <span class='ocrx_word' id='word_1_103' title='bbox 144 1303 216 1360; x_wconf 86' lang='lat' dir='ltr'><strong>iacto</strong></span> <span class='ocrx_word' id='word_1_104' title='bbox 233 1297 327 1382; x_wconf 85' lang='lat' dir='ltr'><strong>(cum)</strong></span> <span class='ocrx_word' id='word_1_105' title='bbox 349 1322 444 1362; x_wconf 82' lang='lat' dir='ltr'><strong>rursus</strong></span> <span class='ocrx_word' id='word_1_106' title='bbox 467 1306 493 1360; x_wconf 91' lang='lat' dir='ltr'><strong>in</strong></span> <span class='ocrx_word' id='word_1_107' title='bbox 517 1313 683 1379; x_wconf 86' lang='lat' dir='ltr'><strong>potestatem</strong></span> <span class='ocrx_word' id='word_1_108' title='bbox 703 1305 788 1378; x_wconf 84' lang='lat' dir='ltr'><strong>patris</strong></span> <span class='ocrx_word' id='word_1_109' title='bbox 803 1306 886 1362; x_wconf 85' lang='lat' dir='ltr'><strong>tuerit</strong></span> <span class='ocrx_word' id='word_1_110' title='bbox 900 1299 1060 1375; x_wconf 59' lang='lat' dir='ltr'><strong>reuersus,⁶</strong></span> 
     </span>
     <span class='ocr_line' id='line_1_14' title="bbox 84 1383 1058 1468; baseline 0.002 -24"><span class='ocrx_word' id='word_1_111' title='bbox 84 1390 172 1464; x_wconf 87' lang='lat' dir='ltr'><strong>tertio</strong></span> <span class='ocrx_word' id='word_1_112' title='bbox 195 1397 272 1463; x_wconf 86' lang='lat' dir='ltr'><strong>pater</strong></span> <span class='ocrx_word' id='word_1_113' title='bbox 294 1406 355 1446; x_wconf 92' lang='lat' dir='ltr'><strong>eum</strong></span> <span class='ocrx_word' id='word_1_114' title='bbox 384 1391 518 1462; x_wconf 88' lang='lat' dir='ltr'><strong>mancipat</strong></span> <span class='ocrx_word' id='word_1_115' title='bbox 547 1389 591 1446; x_wconf 93' lang='lat' dir='ltr'><strong>uel</strong></span> <span class='ocrx_word' id='word_1_116' title='bbox 617 1388 704 1446; x_wconf 86' lang='lat' dir='ltr'><strong>eidem</strong></span> <span class='ocrx_word' id='word_1_117' title='bbox 732 1389 777 1445; x_wconf 88' lang='lat' dir='ltr'><strong>uel</strong></span> <span class='ocrx_word' id='word_1_118' title='bbox 805 1388 849 1446; x_wconf 90' lang='lat' dir='ltr'><strong>aiii</strong></span> <span class='ocrx_word' id='word_1_119' title='bbox 878 1383 936 1468; x_wconf 87' lang='lat' dir='ltr'><strong>(set</strong></span> <span class='ocrx_word' id='word_1_120' title='bbox 957 1391 1010 1446; x_wconf 86' lang='lat' dir='ltr'><strong>hoc</strong></span> <span class='ocrx_word' id='word_1_121' title='bbox 1031 1391 1058 1446; x_wconf 92' lang='lat' dir='ltr'><strong>in</strong></span> 
     </span>
     <span class='ocr_line' id='line_1_15' title="bbox 85 1473 1059 1548; baseline 0 -18"><span class='ocrx_word' id='word_1_122' title='bbox 85 1489 142 1530; x_wconf 91' lang='lat' dir='ltr'><strong>usu</strong></span> <span class='ocrx_word' id='word_1_123' title='bbox 165 1482 223 1543; x_wconf 90' lang='lat' dir='ltr'><strong>est,</strong></span> <span class='ocrx_word' id='word_1_124' title='bbox 252 1483 283 1529; x_wconf 95' lang='lat' dir='ltr'><strong>ut</strong></span> <span class='ocrx_word' id='word_1_125' title='bbox 309 1474 396 1532; x_wconf 85' lang='lat' dir='ltr'><strong>eidem</strong></span> <span class='ocrx_word' id='word_1_126' title='bbox 418 1473 602 1546; x_wconf 81' lang='lat' dir='ltr'><strong>mancipetur)</strong></span> <span class='ocrx_word' id='word_1_127' title='bbox 625 1489 718 1547; x_wconf 84' lang='lat' dir='ltr'><strong>eaque</strong></span> <span class='ocrx_word' id='word_1_128' title='bbox 736 1475 935 1548; x_wconf 80' lang='lat' dir='ltr'><strong>mancipatione</strong></span> <span class='ocrx_word' id='word_1_129' title='bbox 960 1476 1059 1532; x_wconf 81' lang='lat' dir='ltr'><strong>desinit</strong></span> 
     </span>
     <span class='ocr_line' id='line_1_16' title="bbox 83 1559 1058 1632; baseline 0.002 -18"><span class='ocrx_word' id='word_1_130' title='bbox 83 1563 114 1614; x_wconf 84' lang='lat' dir='ltr'><strong>in</strong></span> <span class='ocrx_word' id='word_1_131' title='bbox 140 1566 282 1630; x_wconf 80' lang='lat' dir='ltr'><strong>potestate</strong></span> <span class='ocrx_word' id='word_1_132' title='bbox 306 1561 395 1631; x_wconf 80' lang='lat' dir='ltr'><strong>patris</strong></span> <span class='ocrx_word' id='word_1_133' title='bbox 422 1575 499 1632; x_wconf 80' lang='lat' dir='ltr'><strong>esse,</strong></span> <span class='ocrx_word' id='word_1_134' title='bbox 526 1560 629 1616; x_wconf 88' lang='lat' dir='ltr'><strong>etiamsi</strong></span> <span class='ocrx_word' id='word_1_135' title='bbox 656 1559 777 1616; x_wconf 88' lang='lat' dir='ltr'><strong>nondum</strong></span> <span class='ocrx_word' id='word_1_136' title='bbox 804 1561 985 1618; x_wconf 86' lang='lat' dir='ltr'><strong>manumissus</strong></span> <span class='ocrx_word' id='word_1_137' title='bbox 1012 1559 1058 1630; x_wconf 88' lang='lat' dir='ltr'><strong>sit,</strong></span> 
     </span>
     <span class='ocr_line' id='line_1_17' title="bbox 86 1637 595 1721; baseline 0.006 -23"><span class='ocrx_word' id='word_1_138' title='bbox 86 1652 130 1699; x_wconf 89' lang='lat' dir='ltr'><strong>set</strong></span> <span class='ocrx_word' id='word_1_139' title='bbox 153 1643 243 1700; x_wconf 86' lang='lat' dir='ltr'><strong>adhuc</strong></span> <span class='ocrx_word' id='word_1_140' title='bbox 270 1645 299 1698; x_wconf 93' lang='lat' dir='ltr'><strong>in</strong></span> <span class='ocrx_word' id='word_1_141' title='bbox 325 1660 405 1700; x_wconf 89' lang='lat' dir='ltr'><strong>causa</strong></span> <span class='ocrx_word' id='word_1_142' title='bbox 427 1644 551 1717; x_wconf 89' lang='lat' dir='ltr'><strong>mancipii</strong></span> <span class='ocrx_word' id='word_1_143' title='bbox 570 1637 595 1721; x_wconf 54' lang='grc' dir='ltr'><strong>ιθ</strong></span> 
     </span>
    </p>
   </div>
   <div class='ocr_carea' id='block_1_3' title="bbox 83 1773 1061 3480">
    <p class='ocr_par' dir='ltr' id='par_1_3' title="bbox 83 1773 1061 3480">
     <span class='ocr_line' id='line_1_18' title="bbox 166 1773 1059 1844; baseline 0 -17"><span class='ocrx_word' id='word_1_144' title='bbox 166 1775 185 1843; x_wconf 83' lang='lat'><strong>¹)</strong></span> <span class='ocrx_word' id='word_1_145' title='bbox 200 1777 246 1827; x_wconf 72' lang='lat' dir='ltr'><strong>ue</strong></span> <span class='ocrx_word' id='word_1_146' title='bbox 269 1773 328 1834; x_wconf 62' lang='lat' dir='ltr'><strong>V‘ie</strong></span> <span class='ocrx_word' id='word_1_147' title='bbox 348 1793 413 1842; x_wconf 83' lang='lat' dir='ltr'><strong>qnae</strong></span> <span class='ocrx_word' id='word_1_148' title='bbox 432 1780 484 1844; x_wconf 84' lang='lat' dir='ltr'><strong>iepi</strong></span> <span class='ocrx_word' id='word_1_149' title='bbox 502 1793 554 1828; x_wconf 89' lang='lat' dir='ltr'><strong>non</strong></span> <span class='ocrx_word' id='word_1_150' title='bbox 569 1785 725 1842; x_wconf 89' lang='lat' dir='ltr'><strong>patuerunt,</strong></span> <span class='ocrx_word' id='word_1_151' title='bbox 744 1778 781 1827; x_wconf 85' lang='lat' dir='ltr'><strong>od</strong></span> <span class='ocrx_word' id='word_1_152' title='bbox 792 1793 894 1828; x_wconf 80' lang='lat' dir='ltr'><strong>sensum</strong></span> <span class='ocrx_word' id='word_1_153' title='bbox 910 1786 935 1828; x_wconf 90' lang='lat' dir='ltr'><strong>et</strong></span> <span class='ocrx_word' id='word_1_154' title='bbox 948 1781 1059 1842; x_wconf 86' lang='lat' dir='ltr'><strong>spatium</strong></span> 
     </span>
     <span class='ocr_line' id='line_1_19' title="bbox 86 1845 1058 1916; baseline 0 -18"><span class='ocrx_word' id='word_1_155' title='bbox 86 1850 214 1912; x_wconf 83' lang='lat' dir='ltr'><strong>supplevi.</strong></span> <span class='ocrx_word' id='word_1_156' title='bbox 286 1845 446 1914; x_wconf 79' lang='lat' dir='ltr'><strong>²)Sequitur</strong></span> <span class='ocrx_word' id='word_1_157' title='bbox 459 1850 530 1898; x_wconf 89' lang='lat' dir='ltr'><strong>tinea</strong></span> <span class='ocrx_word' id='word_1_158' title='bbox 544 1865 635 1900; x_wconf 86' lang='lat' dir='ltr'><strong>vacua.</strong></span> <span class='ocrx_word' id='word_1_159' title='bbox 705 1845 728 1914; x_wconf 82' lang='lat'><strong>⁸)</strong></span> <span class='ocrx_word' id='word_1_160' title='bbox 742 1848 789 1897; x_wconf 69' lang='lat' dir='ltr'><strong>ue</strong></span> <span class='ocrx_word' id='word_1_161' title='bbox 801 1849 865 1899; x_wconf 81' lang='lat' dir='ltr'><strong>Imt.</strong></span> <span class='ocrx_word' id='word_1_162' title='bbox 881 1849 968 1916; x_wconf 78' lang='lat' dir='ltr'><strong>eth.</strong></span> <span class='ocrx_word' id='word_1_163' title='bbox 983 1850 1023 1898; x_wconf 83' lang='lat' dir='ltr'><strong>ed.</strong></span> <span class='ocrx_word' id='word_1_164' title='bbox 1038 1861 1058 1902; x_wconf 76' lang='lat' dir='ltr'><strong>u.</strong></span> 
     </span>
     <span class='ocr_line' id='line_1_20' title="bbox 87 1916 1060 1985; baseline 0 -15"><span class='ocrx_word' id='word_1_165' title='bbox 87 1921 190 1971; x_wconf 83' lang='lat' dir='ltr'><strong>addidi.</strong></span> <span class='ocrx_word' id='word_1_166' title='bbox 269 1917 291 1985; x_wconf 86' lang='lat'><strong>⁴)</strong></span> <span class='ocrx_word' id='word_1_167' title='bbox 306 1920 352 1968; x_wconf 79' lang='lat' dir='ltr'><strong>Em</strong></span> <span class='ocrx_word' id='word_1_168' title='bbox 371 1916 430 1978; x_wconf 70' lang='lat' dir='ltr'><strong>W,-</strong></span> <span class='ocrx_word' id='word_1_169' title='bbox 443 1937 467 1969; x_wconf 88' lang='lat' dir='ltr'><strong>a.</strong></span> <span class='ocrx_word' id='word_1_170' title='bbox 482 1927 520 1970; x_wconf 88' lang='lat' dir='ltr'><strong>ter</strong></span> <span class='ocrx_word' id='word_1_171' title='bbox 529 1927 591 1984; x_wconf 86' lang='lat' dir='ltr'><strong>post</strong></span> <span class='ocrx_word' id='word_1_172' title='bbox 603 1927 675 1984; x_wconf 86' lang='lat' dir='ltr'><strong>pater</strong></span> <span class='ocrx_word' id='word_1_173' title='bbox 687 1921 854 1970; x_wconf 79' lang='lat' dir='ltr'><strong>uerisimilius</strong></span> <span class='ocrx_word' id='word_1_174' title='bbox 868 1919 971 1971; x_wconf 78' lang='lat' dir='ltr'><strong>cncidit</strong></span> <span class='ocrx_word' id='word_1_175' title='bbox 984 1937 1060 1985; x_wconf 85' lang='lat' dir='ltr'><strong>qnam</strong></span> 
     </span>
     <span class='ocr_line' id='line_1_21' title="bbox 83 1991 1059 2058; baseline 0.001 -17"><span class='ocrx_word' id='word_1_176' title='bbox 83 1991 249 2056; x_wconf 69' lang='lat' dir='ltr'><strong>postitium</strong></span> <span class='ocrx_word' id='word_1_177' title='bbox 265 2008 416 2057; x_wconf 84' lang='lat' dir='ltr'><strong>quanquam¹</strong></span> <span class='ocrx_word' id='word_1_178' title='bbox 429 1991 484 2056; x_wconf 84' lang='lat' dir='ltr'><strong>iltp.</strong></span> <span class='ocrx_word' id='word_1_179' title='bbox 505 2004 540 2055; x_wconf 81' lang='lat' dir='ltr'><strong>lo,</strong></span> <span class='ocrx_word' id='word_1_180' title='bbox 559 2005 579 2043; x_wconf 88' lang='lat'><strong>1.</strong></span> <span class='ocrx_word' id='word_1_181' title='bbox 599 1993 752 2043; x_wconf 67' lang='lat' dir='ltr'><strong>accuratius</strong></span> <span class='ocrx_word' id='word_1_182' title='bbox 765 1991 844 2043; x_wconf 84' lang='lat' dir='ltr'><strong>aerbo</strong></span> <span class='ocrx_word' id='word_1_183' title='bbox 858 1994 924 2058; x_wconf 83' lang='lat' dir='ltr'><strong>lepis</strong></span> <span class='ocrx_word' id='word_1_184' title='bbox 939 1995 1059 2043; x_wconf 81' lang='lat' dir='ltr'><strong>retulisse</strong></span> 
     </span>
     <span class='ocr_line' id='line_1_22' title="bbox 88 2059 1059 2129; baseline 0.001 -17"><span class='ocrx_word' id='word_1_185' title='bbox 88 2064 200 2112; x_wconf 86' lang='lat' dir='ltr'><strong>videtur.</strong></span> <span class='ocrx_word' id='word_1_186' title='bbox 265 2060 287 2129; x_wconf 71' lang='grc' dir='ltr'><strong>δ)</strong></span> <span class='ocrx_word' id='word_1_187' title='bbox 302 2062 348 2112; x_wconf 74' lang='lat' dir='ltr'><strong>En</strong></span> <span class='ocrx_word' id='word_1_188' title='bbox 362 2059 409 2113; x_wconf 62' lang='lat' dir='ltr'><strong>Vi*</strong></span> <span class='ocrx_word' id='word_1_189' title='bbox 422 2065 460 2113; x_wconf 88' lang='lat' dir='ltr'><strong>ita</strong></span> <span class='ocrx_word' id='word_1_190' title='bbox 474 2066 547 2114; x_wconf 79' lang='lat' dir='ltr'><strong>iocus</strong></span> <span class='ocrx_word' id='word_1_191' title='bbox 560 2063 604 2114; x_wconf 84' lang='lat' dir='ltr'><strong>itio</strong></span> <span class='ocrx_word' id='word_1_192' title='bbox 618 2072 644 2113; x_wconf 86' lang='lat' dir='ltr'><strong>et</strong></span> <span class='ocrx_word' id='word_1_193' title='bbox 657 2066 740 2126; x_wconf 88' lang='lat' dir='ltr'><strong>paulo</strong></span> <span class='ocrx_word' id='word_1_194' title='bbox 750 2066 977 2128; x_wconf 83' lang='lat' dir='ltr'><strong>poetreficiendus</strong></span> <span class='ocrx_word' id='word_1_195' title='bbox 988 2065 1059 2114; x_wconf 88' lang='lat' dir='ltr'><strong>oide-</strong></span> 
     </span>
     <span class='ocr_line' id='line_1_23' title="bbox 89 2130 1060 2199; baseline 0.001 -16"><span class='ocrx_word' id='word_1_196' title='bbox 89 2134 175 2183; x_wconf 83' lang='lat' dir='ltr'><strong>batur.</strong></span> <span class='ocrx_word' id='word_1_197' title='bbox 205 2133 395 2199; x_wconf 73' lang='lat' dir='ltr'><strong>Confirmarnnt</strong></span> <span class='ocrx_word' id='word_1_198' title='bbox 408 2134 498 2199; x_wconf 88' lang='lat' dir='ltr'><strong>Suppi.</strong></span> <span class='ocrx_word' id='word_1_199' title='bbox 513 2133 551 2184; x_wconf 83' lang='lat' dir='ltr'><strong>St.</strong></span> <span class='ocrx_word' id='word_1_200' title='bbox 563 2150 591 2198; x_wconf 87' lang='lat' dir='ltr'><strong>p.</strong></span> <span class='ocrx_word' id='word_1_201' title='bbox 610 2134 705 2183; x_wconf 87' lang='lat' dir='ltr'><em>XXV.</em></span> <span class='ocrx_word' id='word_1_202' title='bbox 771 2130 792 2198; x_wconf 81' lang='lat'><strong>⁰)</strong></span> <span class='ocrx_word' id='word_1_203' title='bbox 810 2134 883 2184; x_wconf 82' lang='lat' dir='ltr'><strong>Ntntt</strong></span> <span class='ocrx_word' id='word_1_204' title='bbox 893 2136 953 2199; x_wconf 81' lang='lat' dir='ltr'><strong>fere</strong></span> <span class='ocrx_word' id='word_1_205' title='bbox 968 2136 996 2183; x_wconf 91' lang='lat' dir='ltr'><strong>in</strong></span> <span class='ocrx_word' id='word_1_206' title='bbox 1009 2136 1060 2184; x_wconf 77' lang='lat' dir='ltr'><strong>hac</strong></span> 
     </span>
     <span class='ocr_line' id='line_1_24' title="bbox 85 2204 1061 2271; baseline 0.002 -18"><span class='ocrx_word' id='word_1_207' title='bbox 85 2206 188 2270; x_wconf 79' lang='lat' dir='ltr'><strong>popina</strong></span> <span class='ocrx_word' id='word_1_208' title='bbox 203 2207 254 2271; x_wconf 78' lang='lat' dir='ltr'><strong>ispi</strong></span> <span class='ocrx_word' id='word_1_209' title='bbox 263 2208 363 2270; x_wconf 86' lang='lat' dir='ltr'><strong>potuit,</strong></span> <span class='ocrx_word' id='word_1_210' title='bbox 383 2207 436 2255; x_wconf 87' lang='lat' dir='ltr'><strong>nisi</strong></span> <span class='ocrx_word' id='word_1_211' title='bbox 454 2222 471 2255; x_wconf 90' lang='lat' dir='ltr'><strong>a</strong></span> <span class='ocrx_word' id='word_1_212' title='bbox 484 2204 568 2263; x_wconf 70' lang='lat' dir='ltr'><strong>stud„</strong></span> <span class='ocrx_word' id='word_1_213' title='bbox 583 2206 742 2269; x_wconf 87' lang='lat' dir='ltr'><strong>praesertim</strong></span> <span class='ocrx_word' id='word_1_214' title='bbox 756 2206 783 2254; x_wconf 90' lang='lat' dir='ltr'><strong>in</strong></span> <span class='ocrx_word' id='word_1_215' title='bbox 797 2204 886 2268; x_wconf 85' lang='lat' dir='ltr'><strong>Suppi.</strong></span> <span class='ocrx_word' id='word_1_216' title='bbox 899 2206 959 2269; x_wconf 81' lang='lat' dir='ltr'><strong>fere</strong></span> <span class='ocrx_word' id='word_1_217' title='bbox 981 2206 1061 2255; x_wconf 79' lang='lat' dir='ltr'><strong>leaeo:</strong></span> 
     </span>
     <span class='ocr_line' id='line_1_25' title="bbox 89 2275 1059 2342; baseline -0.001 -15"><span class='ocrx_word' id='word_1_218' title='bbox 89 2293 112 2326; x_wconf 85' lang='lat' dir='ltr'><strong>a.</strong></span> <span class='ocrx_word' id='word_1_219' title='bbox 128 2288 148 2327; x_wconf 83' lang='lat' dir='ltr'><strong>o.</strong></span> <span class='ocrx_word' id='word_1_220' title='bbox 163 2284 263 2339; x_wconf 87' lang='lat' dir='ltr'><strong>patrono</strong></span> <span class='ocrx_word' id='word_1_221' title='bbox 280 2278 390 2327; x_wconf 86' lang='lat' dir='ltr'><strong>inbonis</strong></span> <span class='ocrx_word' id='word_1_222' title='bbox 405 2275 541 2342; x_wconf 86' lang='lat' dir='ltr'><strong>lib(erti?)‚</strong></span> <span class='ocrx_word' id='word_1_223' title='bbox 561 2293 584 2325; x_wconf 87' lang='lat' dir='ltr'><strong>a.</strong></span> <span class='ocrx_word' id='word_1_224' title='bbox 599 2288 625 2326; x_wconf 89' lang='lat'><strong>11</strong></span> <span class='ocrx_word' id='word_1_225' title='bbox 641 2276 910 2337; x_wconf 81' lang='lat' dir='ltr'><strong>initiomanciputione</strong></span> <span class='ocrx_word' id='word_1_226' title='bbox 929 2283 1016 2326; x_wconf 86' lang='lat' dir='ltr'><strong>exeunt</strong></span> <span class='ocrx_word' id='word_1_227' title='bbox 1030 2277 1059 2326; x_wconf 84' lang='lat' dir='ltr'><strong>de</strong></span> 
     </span>
     <span class='ocr_line' id='line_1_26' title="bbox 88 2345 1059 2415; baseline 0.001 -19"><span class='ocrx_word' id='word_1_228' title='bbox 88 2347 164 2411; x_wconf 85' lang='lat' dir='ltr'><strong>putris</strong></span> <span class='ocrx_word' id='word_1_229' title='bbox 178 2355 235 2411; x_wconf 89' lang='lat' dir='ltr'><strong>pote</strong></span> <span class='ocrx_word' id='word_1_230' title='bbox 250 2376 284 2385; x_wconf 92' lang='lat'><em>-</em></span> <span class='ocrx_word' id='word_1_231' title='bbox 298 2364 321 2397; x_wconf 89' lang='lat' dir='ltr'><strong>n.</strong></span> <span class='ocrx_word' id='word_1_232' title='bbox 337 2348 461 2399; x_wconf 70' lang='lat' dir='ltr'><strong>timedio</strong></span> <span class='ocrx_word' id='word_1_233' title='bbox 479 2345 684 2415; x_wconf 75' lang='lat' dir='ltr'><strong>mianu)m(issae)</strong></span> <span class='ocrx_word' id='word_1_234' title='bbox 702 2348 802 2409; x_wconf 61' lang='lat' dir='ltr'><strong>inertum</strong></span> <span class='ocrx_word' id='word_1_235' title='bbox 822 2355 851 2397; x_wconf 87' lang='lat' dir='ltr'><strong>ut</strong></span> <span class='ocrx_word' id='word_1_236' title='bbox 871 2347 953 2398; x_wconf 71' lang='lat' dir='ltr'><strong>Gaius</strong></span> <span class='ocrx_word' id='word_1_237' title='bbox 970 2348 1014 2397; x_wconf 79' lang='lat' dir='ltr'><strong>iiic</strong></span> <span class='ocrx_word' id='word_1_238' title='bbox 1027 2349 1059 2397; x_wconf 83' lang='lat' dir='ltr'><strong>de</strong></span> 
     </span>
     <span class='ocr_line' id='line_1_27' title="bbox 90 2420 1061 2485; baseline 0.002 -18"><span class='ocrx_word' id='word_1_239' title='bbox 90 2421 148 2468; x_wconf 82' lang='lat' dir='ltr'><strong>iura</strong></span> <span class='ocrx_word' id='word_1_240' title='bbox 157 2420 248 2482; x_wconf 86' lang='lat' dir='ltr'><strong>patris</strong></span> <span class='ocrx_word' id='word_1_241' title='bbox 261 2420 464 2484; x_wconf 83' lang='lat' dir='ltr'><strong>ernanciputaris</strong></span> <span class='ocrx_word' id='word_1_242' title='bbox 478 2422 506 2469; x_wconf 90' lang='lat' dir='ltr'><strong>in</strong></span> <span class='ocrx_word' id='word_1_243' title='bbox 520 2420 594 2470; x_wconf 84' lang='lat' dir='ltr'><strong>banis</strong></span> <span class='ocrx_word' id='word_1_244' title='bbox 603 2421 761 2484; x_wconf 82' lang='lat' dir='ltr'><strong>emancipati</strong></span> <span class='ocrx_word' id='word_1_245' title='bbox 772 2420 860 2470; x_wconf 81' lang='lat' dir='ltr'><strong>eodem</strong></span> <span class='ocrx_word' id='word_1_246' title='bbox 870 2420 930 2484; x_wconf 76' lang='lat' dir='ltr'><strong>fere</strong></span> <span class='ocrx_word' id='word_1_247' title='bbox 944 2435 977 2469; x_wconf 88' lang='lat' dir='ltr'><strong>oc</strong></span> <span class='ocrx_word' id='word_1_248' title='bbox 992 2420 1061 2485; x_wconf 83' lang='lat' dir='ltr'><strong>quod</strong></span> 
     </span>
     <span class='ocr_line' id='line_1_28' title="bbox 90 2490 1059 2557; baseline 0.002 -18"><span class='ocrx_word' id='word_1_249' title='bbox 90 2492 272 2540; x_wconf 68' lang='lat' dir='ltr'><strong>manumissent</strong></span> <span class='ocrx_word' id='word_1_250' title='bbox 285 2492 313 2539; x_wconf 92' lang='lat' dir='ltr'><strong>in</strong></span> <span class='ocrx_word' id='word_1_251' title='bbox 327 2490 401 2541; x_wconf 81' lang='lat' dir='ltr'><strong>bonis</strong></span> <span class='ocrx_word' id='word_1_252' title='bbox 415 2490 503 2541; x_wconf 81' lang='lat' dir='ltr'><strong>liberti</strong></span> <span class='ocrx_word' id='word_1_253' title='bbox 517 2493 645 2555; x_wconf 88' lang='lat' dir='ltr'><strong>competit,</strong></span> <span class='ocrx_word' id='word_1_254' title='bbox 659 2493 743 2557; x_wconf 79' lang='lat' dir='ltr'><strong>epiase</strong></span> <span class='ocrx_word' id='word_1_255' title='bbox 756 2492 885 2551; x_wconf 86' lang='lat' dir='ltr'><strong>videatur,</strong></span> <span class='ocrx_word' id='word_1_256' title='bbox 895 2498 988 2555; x_wconf 86' lang='lat' dir='ltr'><strong>postea</strong></span> <span class='ocrx_word' id='word_1_257' title='bbox 997 2506 1059 2541; x_wconf 85' lang='lat' dir='ltr'><strong>vero</strong></span> 
     </span>
     <span class='ocr_line' id='line_1_29' title="bbox 91 2561 1059 2627; baseline 0.003 -17"><span class='ocrx_word' id='word_1_258' title='bbox 91 2562 122 2610; x_wconf 87' lang='lat' dir='ltr'><strong>de</strong></span> <span class='ocrx_word' id='word_1_259' title='bbox 145 2561 233 2611; x_wconf 80' lang='lat' dir='ltr'><strong>eodem</strong></span> <span class='ocrx_word' id='word_1_260' title='bbox 255 2563 469 2625; x_wconf 88' lang='lat' dir='ltr'><strong>emancipationis</strong></span> <span class='ocrx_word' id='word_1_261' title='bbox 493 2570 641 2612; x_wconf 85' lang='lat' dir='ltr'><strong>ceterarum</strong></span> <span class='ocrx_word' id='word_1_262' title='bbox 653 2569 764 2625; x_wconf 84' lang='lat' dir='ltr'><strong>praeter</strong></span> <span class='ocrx_word' id='word_1_263' title='bbox 783 2564 870 2626; x_wconf 81' lang='lat' dir='ltr'><strong>fliium</strong></span> <span class='ocrx_word' id='word_1_264' title='bbox 883 2578 1059 2627; x_wconf 85' lang='lat' dir='ltr'><strong>personarum</strong></span> 
     </span>
     <span class='ocr_line' id='line_1_30' title="bbox 92 2632 1059 2698; baseline 0.002 -17"><span class='ocrx_word' id='word_1_265' title='bbox 92 2634 158 2690; x_wconf 88' lang='lat' dir='ltr'><strong>iure,</strong></span> <span class='ocrx_word' id='word_1_266' title='bbox 172 2632 216 2681; x_wconf 85' lang='lat' dir='ltr'><strong>ubi</strong></span> <span class='ocrx_word' id='word_1_267' title='bbox 230 2648 283 2683; x_wconf 89' lang='lat' dir='ltr'><strong>nna</strong></span> <span class='ocrx_word' id='word_1_268' title='bbox 300 2634 458 2698; x_wconf 82' lang='lat' dir='ltr'><strong>mancipatio</strong></span> <span class='ocrx_word' id='word_1_269' title='bbox 476 2640 502 2683; x_wconf 89' lang='lat' dir='ltr'><strong>et</strong></span> <span class='ocrx_word' id='word_1_270' title='bbox 520 2635 685 2683; x_wconf 85' lang='lat' dir='ltr'><strong>manumissio</strong></span> <span class='ocrx_word' id='word_1_271' title='bbox 703 2633 858 2696; x_wconf 78' lang='lat' dir='ltr'><strong>sufficiebat.</strong></span> <span class='ocrx_word' id='word_1_272' title='bbox 891 2634 961 2698; x_wconf 81' lang='lat' dir='ltr'><strong>quod</strong></span> <span class='ocrx_word' id='word_1_273' title='bbox 971 2636 1059 2697; x_wconf 77' lang='lat' dir='ltr'><strong>firmat</strong></span> 
     </span>
     <span class='ocr_line' id='line_1_31' title="bbox 95 2700 1059 2770; baseline 0 -17"><span class='ocrx_word' id='word_1_274' title='bbox 95 2703 155 2753; x_wconf 76' lang='lat' dir='ltr'><strong>Gaii</strong></span> <span class='ocrx_word' id='word_1_275' title='bbox 167 2705 227 2767; x_wconf 88' lang='lat' dir='ltr'><strong>epit.</strong></span> <span class='ocrx_word' id='word_1_276' title='bbox 256 2704 347 2769; x_wconf 82' lang='lat' dir='ltr'><strong>Itaque</strong></span> <span class='ocrx_word' id='word_1_277' title='bbox 366 2706 393 2754; x_wconf 87' lang='lat' dir='ltr'><strong>in</strong></span> <span class='ocrx_word' id='word_1_278' title='bbox 404 2706 498 2769; x_wconf 87' lang='lat' dir='ltr'><strong>priore</strong></span> <span class='ocrx_word' id='word_1_279' title='bbox 513 2706 631 2770; x_wconf 77' lang='lat' dir='ltr'><strong>popinae</strong></span> <span class='ocrx_word' id='word_1_280' title='bbox 646 2711 724 2768; x_wconf 86' lang='lat' dir='ltr'><strong>parte</strong></span> <span class='ocrx_word' id='word_1_281' title='bbox 737 2700 819 2754; x_wconf 73' lang='lat' dir='ltr'><strong>‘initio</strong></span> <span class='ocrx_word' id='word_1_282' title='bbox 833 2703 989 2769; x_wconf 84' lang='lat' dir='ltr'><strong>sequebatur</strong></span> <span class='ocrx_word' id='word_1_283' title='bbox 999 2705 1059 2767; x_wconf 81' lang='lat' dir='ltr'><strong>fere</strong></span> 
     </span>
     <span class='ocr_line' id='line_1_32' title="bbox 94 2771 1058 2840; baseline -0.003 -15"><span class='ocrx_word' id='word_1_284' title='bbox 94 2771 140 2825; x_wconf 79' lang='lat' dir='ltr'><strong>‘sit</strong></span> <span class='ocrx_word' id='word_1_285' title='bbox 155 2775 227 2838; x_wconf 86' lang='lat' dir='ltr'><strong>apud</strong></span> <span class='ocrx_word' id='word_1_286' title='bbox 238 2791 304 2833; x_wconf 86' lang='lat' dir='ltr'><strong>enm,</strong></span> <span class='ocrx_word' id='word_1_287' title='bbox 318 2776 362 2825; x_wconf 89' lang='lat' dir='ltr'><strong>cui</strong></span> <span class='ocrx_word' id='word_1_288' title='bbox 375 2776 538 2839; x_wconf 86' lang='lat' dir='ltr'><strong>mancipatus</strong></span> <span class='ocrx_word' id='word_1_289' title='bbox 551 2783 597 2825; x_wconf 83' lang='lat' dir='ltr'><strong>est.</strong></span> <span class='ocrx_word' id='word_1_290' title='bbox 620 2792 637 2825; x_wconf 90' lang='lat' dir='ltr'><strong>a</strong></span> <span class='ocrx_word' id='word_1_291' title='bbox 652 2790 702 2840; x_wconf 85' lang='lat' dir='ltr'><strong>quo</strong></span> <span class='ocrx_word' id='word_1_292' title='bbox 715 2776 740 2824; x_wconf 89' lang='lat' dir='ltr'><strong>si</strong></span> <span class='ocrx_word' id='word_1_293' title='bbox 751 2790 845 2824; x_wconf 80' lang='lat' dir='ltr'><strong>rursus</strong></span> <span class='ocrx_word' id='word_1_294' title='bbox 856 2777 1058 2831; x_wconf 83' lang='lat' dir='ltr'><strong>manumittatur,</strong></span> 
     </span>
     <span class='ocr_line' id='line_1_33' title="bbox 92 2844 1059 2911; baseline 0 -16"><span class='ocrx_word' id='word_1_295' title='bbox 92 2847 134 2895; x_wconf 86' lang='lat' dir='ltr'><strong>sut</strong></span> <span class='ocrx_word' id='word_1_296' title='bbox 146 2846 214 2895; x_wconf 86' lang='lat' dir='ltr'><strong>iuris</strong></span> <span class='ocrx_word' id='word_1_297' title='bbox 225 2844 277 2909; x_wconf 77' lang='lat' dir='ltr'><strong>fit’.</strong></span> <span class='ocrx_word' id='word_1_298' title='bbox 307 2846 410 2897; x_wconf 85' lang='lat' dir='ltr'><strong>Rursus</strong></span> <span class='ocrx_word' id='word_1_299' title='bbox 427 2847 493 2897; x_wconf 80' lang='lat' dir='ltr'><strong>iaec</strong></span> <span class='ocrx_word' id='word_1_300' title='bbox 512 2863 577 2911; x_wconf 85' lang='lat' dir='ltr'><strong>quae</strong></span> <span class='ocrx_word' id='word_1_301' title='bbox 596 2847 761 2909; x_wconf 65' lang='lat' dir='ltr'><strong>conceperint,</strong></span> <span class='ocrx_word' id='word_1_302' title='bbox 781 2847 904 2909; x_wconf 83' lang='lat' dir='ltr'><strong>eopnoeci</strong></span> <span class='ocrx_word' id='word_1_303' title='bbox 921 2847 973 2894; x_wconf 88' lang='lat' dir='ltr'><strong>iarn</strong></span> <span class='ocrx_word' id='word_1_304' title='bbox 988 2852 1059 2895; x_wconf 88' lang='lat' dir='ltr'><strong>certo</strong></span> 
     </span>
     <span class='ocr_line' id='line_1_34' title="bbox 89 2915 1060 2981; baseline -0.002 -14"><span class='ocrx_word' id='word_1_305' title='bbox 89 2923 172 2981; x_wconf 75' lang='lat' dir='ltr'><strong>potest</strong></span> <span class='ocrx_word' id='word_1_306' title='bbox 184 2933 220 2966; x_wconf 79' lang='lat' dir='ltr'><strong>en</strong></span> <span class='ocrx_word' id='word_1_307' title='bbox 236 2916 297 2967; x_wconf 80' lang='lat' dir='ltr'><strong>Gaii</strong></span> <span class='ocrx_word' id='word_1_308' title='bbox 310 2920 370 2981; x_wconf 85' lang='lat' dir='ltr'><strong>epit.</strong></span> <span class='ocrx_word' id='word_1_309' title='bbox 382 2931 402 2980; x_wconf 89' lang='lat'><strong>1,</strong></span> <span class='ocrx_word' id='word_1_310' title='bbox 417 2930 438 2969; x_wconf 86' lang='lat' dir='ltr'><strong>o.</strong></span> <span class='ocrx_word' id='word_1_311' title='bbox 453 2920 476 2980; x_wconf 66' lang='grc'><strong>5.</strong></span> <span class='ocrx_word' id='word_1_312' title='bbox 488 2930 501 2969; x_wconf 85' lang='lat' dir='ltr'><strong>c</strong></span> <span class='ocrx_word' id='word_1_313' title='bbox 515 2918 594 2967; x_wconf 77' lang='lat' dir='ltr'><strong>meti:</strong></span> <span class='ocrx_word' id='word_1_314' title='bbox 609 2915 723 2966; x_wconf 82' lang='lat' dir='ltr'><strong>‘Tamen</strong></span> <span class='ocrx_word' id='word_1_315' title='bbox 735 2932 792 2966; x_wconf 88' lang='lat' dir='ltr'><strong>cone</strong></span> <span class='ocrx_word' id='word_1_316' title='bbox 805 2918 882 2966; x_wconf 87' lang='lat' dir='ltr'><strong>tertio</strong></span> <span class='ocrx_word' id='word_1_317' title='bbox 896 2918 1060 2979; x_wconf 83' lang='lat' dir='ltr'><strong>mancipatus</strong></span> 
     </span>
     <span class='ocr_line' id='line_1_35' title="bbox 92 2987 1059 3053; baseline 0 -16"><span class='ocrx_word' id='word_1_318' title='bbox 92 2989 173 3051; x_wconf 84' lang='lat' dir='ltr'><strong>suerit</strong></span> <span class='ocrx_word' id='word_1_319' title='bbox 183 2989 256 3051; x_wconf 80' lang='lat' dir='ltr'><strong>fitius</strong></span> <span class='ocrx_word' id='word_1_320' title='bbox 269 3005 286 3037; x_wconf 91' lang='lat' dir='ltr'><strong>a</strong></span> <span class='ocrx_word' id='word_1_321' title='bbox 295 2997 375 3052; x_wconf 83' lang='lat' dir='ltr'><strong>patre</strong></span> <span class='ocrx_word' id='word_1_322' title='bbox 389 2991 507 3039; x_wconf 85' lang='lat' dir='ltr'><strong>natarali</strong></span> <span class='ocrx_word' id='word_1_323' title='bbox 517 2990 661 3053; x_wconf 72' lang='lat' dir='ltr'><strong>fiduciario</strong></span> <span class='ocrx_word' id='word_1_324' title='bbox 672 2989 755 3051; x_wconf 90' lang='lat' dir='ltr'><strong>patri,</strong></span> <span class='ocrx_word' id='word_1_325' title='bbox 770 2987 819 3037; x_wconf 82' lang='lat' dir='ltr'><strong>icoc</strong></span> <span class='ocrx_word' id='word_1_326' title='bbox 832 3003 911 3053; x_wconf 85' lang='lat' dir='ltr'><strong>apere</strong></span> <span class='ocrx_word' id='word_1_327' title='bbox 925 2987 1000 3037; x_wconf 81' lang='lat' dir='ltr'><strong>debet</strong></span> <span class='ocrx_word' id='word_1_328' title='bbox 1013 3002 1059 3037; x_wconf 91' lang='lat' dir='ltr'><strong>na-</strong></span> 
     </span>
     <span class='ocr_line' id='line_1_36' title="bbox 94 3060 1060 3124; baseline -0.001 -15"><span class='ocrx_word' id='word_1_329' title='bbox 94 3061 186 3109; x_wconf 88' lang='lat' dir='ltr'><strong>turalis</strong></span> <span class='ocrx_word' id='word_1_330' title='bbox 195 3066 282 3122; x_wconf 85' lang='lat' dir='ltr'><strong>pater,</strong></span> <span class='ocrx_word' id='word_1_331' title='bbox 298 3068 326 3110; x_wconf 87' lang='lat' dir='ltr'><strong>ut</strong></span> <span class='ocrx_word' id='word_1_332' title='bbox 340 3062 365 3110; x_wconf 83' lang='lat' dir='ltr'><strong>ei</strong></span> <span class='ocrx_word' id='word_1_333' title='bbox 378 3076 395 3110; x_wconf 91' lang='lat' dir='ltr'><strong>a</strong></span> <span class='ocrx_word' id='word_1_334' title='bbox 406 3060 549 3124; x_wconf 75' lang='lat' dir='ltr'><strong>fiduciario</strong></span> <span class='ocrx_word' id='word_1_335' title='bbox 560 3067 639 3124; x_wconf 87' lang='lat' dir='ltr'><strong>patre</strong></span> <span class='ocrx_word' id='word_1_336' title='bbox 652 3060 853 3123; x_wconf 80' lang='lat' dir='ltr'><strong>remancipetnr,</strong></span> <span class='ocrx_word' id='word_1_337' title='bbox 873 3066 898 3108; x_wconf 92' lang='lat' dir='ltr'><strong>et</strong></span> <span class='ocrx_word' id='word_1_338' title='bbox 912 3075 929 3108; x_wconf 88' lang='lat' dir='ltr'><strong>a</strong></span> <span class='ocrx_word' id='word_1_339' title='bbox 943 3060 1060 3108; x_wconf 85' lang='lat' dir='ltr'><strong>naturali</strong></span> 
     </span>
     <span class='ocr_line' id='line_1_37' title="bbox 91 3130 1060 3195; baseline -0.001 -16"><span class='ocrx_word' id='word_1_340' title='bbox 91 3137 165 3194; x_wconf 89' lang='lat' dir='ltr'><strong>patre</strong></span> <span class='ocrx_word' id='word_1_341' title='bbox 180 3133 382 3189; x_wconf 83' lang='lat' dir='ltr'><strong>manumittetur,</strong></span> <span class='ocrx_word' id='word_1_342' title='bbox 398 3134 459 3181; x_wconf 86' lang='lat' dir='ltr'><strong>ntsi</strong></span> <span class='ocrx_word' id='word_1_343' title='bbox 469 3134 541 3195; x_wconf 77' lang='lat' dir='ltr'><strong>filius</strong></span> <span class='ocrx_word' id='word_1_344' title='bbox 552 3133 596 3181; x_wconf 88' lang='lat' dir='ltr'><strong>iiie</strong></span> <span class='ocrx_word' id='word_1_345' title='bbox 605 3138 722 3181; x_wconf 84' lang='lat' dir='ltr'><strong>mortuns</strong></span> <span class='ocrx_word' id='word_1_346' title='bbox 732 3131 825 3193; x_wconf 81' lang='lat' dir='ltr'><strong>fuerit,</strong></span> <span class='ocrx_word' id='word_1_347' title='bbox 839 3133 865 3179; x_wconf 87' lang='lat' dir='ltr'><strong>ei</strong></span> <span class='ocrx_word' id='word_1_348' title='bbox 879 3132 906 3178; x_wconf 89' lang='lat' dir='ltr'><strong>in</strong></span> <span class='ocrx_word' id='word_1_349' title='bbox 916 3130 1060 3181; x_wconf 76' lang='lat' dir='ltr'><strong>hereditate</strong></span> 
     </span>
     <span class='ocr_line' id='line_1_38' title="bbox 95 3202 1060 3267; baseline 0 -17"><span class='ocrx_word' id='word_1_350' title='bbox 95 3203 221 3251; x_wconf 87' lang='lat' dir='ltr'><strong>naturalis</strong></span> <span class='ocrx_word' id='word_1_351' title='bbox 238 3210 322 3266; x_wconf 84' lang='lat' dir='ltr'><strong>pater,</strong></span> <span class='ocrx_word' id='word_1_352' title='bbox 342 3218 392 3254; x_wconf 89' lang='lat' dir='ltr'><strong>nen</strong></span> <span class='ocrx_word' id='word_1_353' title='bbox 409 3204 575 3267; x_wconf 85' lang='lat' dir='ltr'><strong>fiduciarius,</strong></span> <span class='ocrx_word' id='word_1_354' title='bbox 594 3203 725 3253; x_wconf 85' lang='lat' dir='ltr'><strong>succedat.</strong></span> <span class='ocrx_word' id='word_1_355' title='bbox 760 3202 879 3251; x_wconf 85' lang='lat' dir='ltr'><strong>Feminae</strong></span> <span class='ocrx_word' id='word_1_356' title='bbox 901 3204 942 3250; x_wconf 89' lang='lat' dir='ltr'><strong>uei</strong></span> <span class='ocrx_word' id='word_1_357' title='bbox 955 3209 1060 3265; x_wconf 83' lang='lat' dir='ltr'><strong>nepotes</strong></span> 
     </span>
     <span class='ocr_line' id='line_1_39' title="bbox 95 3274 1059 3338; baseline 0 -17"><span class='ocrx_word' id='word_1_358' title='bbox 95 3274 200 3322; x_wconf 86' lang='lat' dir='ltr'><strong>masenii</strong></span> <span class='ocrx_word' id='word_1_359' title='bbox 217 3289 252 3323; x_wconf 74' lang='lat' dir='ltr'><strong>eac</strong></span> <span class='ocrx_word' id='word_1_360' title='bbox 269 3275 325 3333; x_wconf 77' lang='lat' dir='ltr'><strong>titio</strong></span> <span class='ocrx_word' id='word_1_361' title='bbox 340 3290 392 3325; x_wconf 90' lang='lat' dir='ltr'><strong>nna</strong></span> <span class='ocrx_word' id='word_1_362' title='bbox 406 3275 611 3338; x_wconf 84' lang='lat' dir='ltr'><strong>emancipatione</strong></span> <span class='ocrx_word' id='word_1_363' title='bbox 629 3274 662 3323; x_wconf 87' lang='lat' dir='ltr'><strong>de</strong></span> <span class='ocrx_word' id='word_1_364' title='bbox 676 3274 765 3337; x_wconf 85' lang='lat' dir='ltr'><strong>patris</strong></span> <span class='ocrx_word' id='word_1_365' title='bbox 784 3276 826 3321; x_wconf 86' lang='lat' dir='ltr'><strong>aei</strong></span> <span class='ocrx_word' id='word_1_366' title='bbox 839 3274 885 3323; x_wconf 86' lang='lat' dir='ltr'><strong>aui</strong></span> <span class='ocrx_word' id='word_1_367' title='bbox 902 3280 999 3321; x_wconf 76' lang='lat' dir='ltr'><strong>exeunt</strong></span> <span class='ocrx_word' id='word_1_368' title='bbox 1010 3286 1059 3335; x_wconf 89' lang='lat' dir='ltr'><strong>po·</strong></span> 
     </span>
     <span class='ocr_line' id='line_1_40' title="bbox 96 3344 1059 3409; baseline -0.003 -16"><span class='ocrx_word' id='word_1_369' title='bbox 96 3350 181 3393; x_wconf 84' lang='lat' dir='ltr'><strong>testate</strong></span> <span class='ocrx_word' id='word_1_370' title='bbox 200 3352 225 3394; x_wconf 88' lang='lat' dir='ltr'><strong>et</strong></span> <span class='ocrx_word' id='word_1_371' title='bbox 242 3346 285 3393; x_wconf 88' lang='lat' dir='ltr'><strong>sut</strong></span> <span class='ocrx_word' id='word_1_372' title='bbox 304 3346 371 3394; x_wconf 87' lang='lat' dir='ltr'><strong>iuris</strong></span> <span class='ocrx_word' id='word_1_373' title='bbox 389 3346 549 3409; x_wconf 80' lang='lat' dir='ltr'><strong>efficiuntur.</strong></span> <span class='ocrx_word' id='word_1_374' title='bbox 578 3344 613 3395; x_wconf 82' lang='lat' dir='ltr'><strong>Et</strong></span> <span class='ocrx_word' id='word_1_375' title='bbox 631 3346 660 3394; x_wconf 83' lang='lat' dir='ltr'><strong>tn·</strong></span> <span class='ocrx_word' id='word_1_376' title='bbox 678 3345 730 3409; x_wconf 89' lang='lat' dir='ltr'><strong>ipsi</strong></span> <span class='ocrx_word' id='word_1_377' title='bbox 744 3344 882 3408; x_wconf 83' lang='lat' dir='ltr'><strong>quamlibet</strong></span> <span class='ocrx_word' id='word_1_378' title='bbox 895 3359 948 3392; x_wconf 88' lang='lat' dir='ltr'><strong>unu</strong></span> <span class='ocrx_word' id='word_1_379' title='bbox 962 3344 1059 3391; x_wconf 88' lang='lat' dir='ltr'><strong>manci-</strong></span> 
     </span>
     <span class='ocr_line' id='line_1_41' title="bbox 93 3414 1059 3480; baseline -0.001 -16"><span class='ocrx_word' id='word_1_380' title='bbox 93 3416 195 3479; x_wconf 88' lang='lat' dir='ltr'><strong>patione</strong></span> <span class='ocrx_word' id='word_1_381' title='bbox 207 3416 239 3465; x_wconf 87' lang='lat' dir='ltr'><strong>de</strong></span> <span class='ocrx_word' id='word_1_382' title='bbox 250 3418 339 3479; x_wconf 87' lang='lat' dir='ltr'><strong>patris</strong></span> <span class='ocrx_word' id='word_1_383' title='bbox 354 3418 395 3465; x_wconf 88' lang='lat' dir='ltr'><strong>uei</strong></span> <span class='ocrx_word' id='word_1_384' title='bbox 408 3418 455 3465; x_wconf 88' lang='lat' dir='ltr'><strong>uni</strong></span> <span class='ocrx_word' id='word_1_385' title='bbox 464 3423 592 3480; x_wconf 83' lang='lat' dir='ltr'><strong>potestate</strong></span> <span class='ocrx_word' id='word_1_386' title='bbox 606 3422 714 3474; x_wconf 77' lang='lat' dir='ltr'><strong>exeant,</strong></span> <span class='ocrx_word' id='word_1_387' title='bbox 734 3417 787 3465; x_wconf 84' lang='lat' dir='ltr'><strong>nisi</strong></span> <span class='ocrx_word' id='word_1_388' title='bbox 800 3430 816 3465; x_wconf 91' lang='lat' dir='ltr'><strong>a</strong></span> <span class='ocrx_word' id='word_1_389' title='bbox 827 3421 905 3479; x_wconf 88' lang='lat' dir='ltr'><strong>patre</strong></span> <span class='ocrx_word' id='word_1_390' title='bbox 916 3414 1059 3477; x_wconf 79' lang='lat' dir='ltr'><strong>fiduciario</strong></span> 
     </span>
    </p>
   </div>
   <div class='ocr_carea' id='block_1_4' title="bbox 96 3504 305 3515">
    <p class='ocr_par' dir='ltr' id='par_1_4' title="bbox 96 3504 305 3515">
     <span class='ocr_line' id='line_1_42' title="bbox 96 3504 305 3515; baseline 0.01 -2"><span class='ocrx_word' id='word_1_391' title='bbox 96 3504 305 3515; x_wconf 67' lang='lat' dir='ltr'>——a—-——</span> 
     </span>
    </p>
   </div>
   <div class='ocr_carea' id='block_1_5' title="bbox 163 3535 1058 3607">
    <p class='ocr_par' dir='ltr' id='par_1_5' title="bbox 163 3535 1058 3607">
     <span class='ocr_line' id='line_1_43' title="bbox 163 3535 1058 3607; baseline -0.006 -17"><span class='ocrx_word' id='word_1_392' title='bbox 163 3535 189 3607; x_wconf 56' lang='grc' dir='ltr'><strong>ᾗ.</strong></span> <span class='ocrx_word' id='word_1_393' title='bbox 206 3541 266 3590; x_wconf 80' lang='lat'><strong>132.</strong></span> <span class='ocrx_word' id='word_1_394' title='bbox 283 3540 321 3604; x_wconf 80' lang='lat' dir='ltr'><strong>Of.</strong></span> <span class='ocrx_word' id='word_1_395' title='bbox 340 3539 397 3590; x_wconf 81' lang='lat' dir='ltr'><strong>Gai.</strong></span> <span class='ocrx_word' id='word_1_396' title='bbox 412 3542 472 3603; x_wconf 86' lang='lat' dir='ltr'><strong>epit.</strong></span> <span class='ocrx_word' id='word_1_397' title='bbox 488 3553 509 3602; x_wconf 85' lang='lat'><strong>1,</strong></span> <span class='ocrx_word' id='word_1_398' title='bbox 524 3552 544 3591; x_wconf 81' lang='lat' dir='ltr'><strong>e.</strong></span> <span class='ocrx_word' id='word_1_399' title='bbox 565 3542 588 3603; x_wconf 65' lang='grc' dir='ltr'><strong>ξ.</strong></span> <span class='ocrx_word' id='word_1_400' title='bbox 603 3553 623 3593; x_wconf 82' lang='lat' dir='ltr'><strong>s.</strong></span> <span class='ocrx_word' id='word_1_401' title='bbox 648 3540 704 3603; x_wconf 82' lang='lat' dir='ltr'><strong>Ulp.</strong></span> <span class='ocrx_word' id='word_1_402' title='bbox 716 3551 750 3600; x_wconf 83' lang='grc' dir='ltr'><strong>ιο,</strong></span> <span class='ocrx_word' id='word_1_403' title='bbox 760 3553 781 3589; x_wconf 82' lang='grc'><strong>1.</strong></span> <span class='ocrx_word' id='word_1_404' title='bbox 801 3540 824 3600; x_wconf 70' lang='lat'><strong>5.</strong></span> <span class='ocrx_word' id='word_1_405' title='bbox 840 3550 860 3589; x_wconf 84' lang='grc'><strong>6.</strong></span> <span class='ocrx_word' id='word_1_406' title='bbox 880 3536 982 3601; x_wconf 81' lang='lat' dir='ltr'><strong>Lquib.</strong></span> <span class='ocrx_word' id='word_1_407' title='bbox 993 3538 1058 3587; x_wconf 81' lang='lat' dir='ltr'><strong>mod.</strong></span> 
     </span>
    </p>
   </div>
   <div class='ocr_carea' id='block_1_6' title="bbox 98 3608 1058 3677">
    <p class='ocr_par' dir='ltr' id='par_1_6' title="bbox 98 3608 1058 3677">
     <span class='ocr_line' id='line_1_44' title="bbox 98 3608 1058 3677; baseline 0.002 -19"><span class='ocrx_word' id='word_1_408' title='bbox 98 3612 114 3658; x_wconf 83' lang='lat' dir='ltr'><strong>t.</strong></span> <span class='ocrx_word' id='word_1_409' title='bbox 129 3618 180 3673; x_wconf 85' lang='lat' dir='ltr'><strong>pot.</strong></span> <span class='ocrx_word' id='word_1_410' title='bbox 195 3613 258 3661; x_wconf 82' lang='lat' dir='ltr'><strong>soto.</strong></span> <span class='ocrx_word' id='word_1_411' title='bbox 275 3609 307 3677; x_wconf 79' lang='grc' dir='ltr'><strong>(ι,</strong></span> <span class='ocrx_word' id='word_1_412' title='bbox 323 3609 372 3677; x_wconf 83' lang='lat' dir='ltr'><strong>1e);</strong></span> <span class='ocrx_word' id='word_1_413' title='bbox 396 3611 471 3674; x_wconf 80' lang='lat' dir='ltr'><strong>infra</strong></span> <span class='ocrx_word' id='word_1_414' title='bbox 485 3613 508 3673; x_wconf 68' lang='lat' dir='ltr'><strong>i.</strong></span> <span class='ocrx_word' id='word_1_415' title='bbox 524 3622 570 3663; x_wconf 82' lang='lat' dir='ltr'><strong>un.</strong></span> <span class='ocrx_word' id='word_1_416' title='bbox 590 3623 611 3675; x_wconf 85' lang='lat' dir='ltr'><strong>a,</strong></span> <span class='ocrx_word' id='word_1_417' title='bbox 627 3623 675 3664; x_wconf 79' lang='grc' dir='ltr'><strong>ιιι.</strong></span> <span class='ocrx_word' id='word_1_418' title='bbox 694 3622 715 3673; x_wconf 82' lang='lat' dir='ltr'><strong>s,</strong></span> <span class='ocrx_word' id='word_1_419' title='bbox 729 3622 751 3661; x_wconf 81' lang='lat' dir='ltr'><strong>e.</strong></span> <span class='ocrx_word' id='word_1_420' title='bbox 768 3621 791 3672; x_wconf 74' lang='grc'><strong>4,</strong></span> <span class='ocrx_word' id='word_1_421' title='bbox 806 3621 839 3661; x_wconf 80' lang='lat' dir='ltr'><strong>no.</strong></span> <span class='ocrx_word' id='word_1_422' title='bbox 865 3608 973 3673; x_wconf 69' lang='lat' dir='ltr'><strong>Dionys.</strong></span> <span class='ocrx_word' id='word_1_423' title='bbox 988 3620 1010 3670; x_wconf 79' lang='lat' dir='ltr'><strong>s,</strong></span> <span class='ocrx_word' id='word_1_424' title='bbox 1024 3619 1058 3660; x_wconf 79' lang='lat' dir='ltr'><strong>aa.</strong></span> 
     </span>
    </p>
   </div>
   <div class='ocr_carea' id='block_1_7' title="bbox 0 0 1284 4000">
    <p class='ocr_par' dir='ltr' id='par_1_7' title="bbox 0 0 1284 4000">
     <span class='ocr_line' id='line_1_45' title="bbox 0 0 1284 4000; baseline 0 0"><span class='ocrx_word' id='word_1_425' title='bbox 0 0 1284 4000; x_wconf 95' lang='lat' dir='ltr'><strong> </strong></span> 
     </span>
    </p>
   </div>
  </div>
 </body>
</html>
