<?xml version="1.0" encoding="UTF-8"?>
<!DOCTYPE html PUBLIC "-//W3C//DTD XHTML 1.0 Transitional//EN"
    "http://www.w3.org/TR/xhtml1/DTD/xhtml1-transitional.dtd">
<html xmlns="http://www.w3.org/1999/xhtml" xml:lang="en" lang="en">
 <head>
  <title>
</title>
<meta http-equiv="Content-Type" content="text/html;charset=utf-8" />
  <meta name='ocr-system' content='tesseract 3.04.00' />
  <meta name='ocr-capabilities' content='ocr_page ocr_carea ocr_par ocr_line ocrx_word'/>
</head>
<body>
  <div class='ocr_page' id='page_1' title='image "./gaiiinstitution00kbgoog_0162.png"; bbox 0 0 2550 4000; ppageno 0'>
   <div class='ocr_carea' id='block_1_1' title="bbox 217 221 878 294">
    <p class='ocr_par' dir='ltr' id='par_1_1' title="bbox 217 221 878 294">
     <span class='ocr_line' id='line_1_1' title="bbox 217 221 878 294; baseline -0.003 -19"><span class='ocrx_word' id='word_1_1' title='bbox 217 223 281 287; x_wconf 85' lang='lat'>190</span> <span class='ocrx_word' id='word_1_2' title='bbox 527 239 587 274; x_wconf 79' lang='lat' dir='ltr'>usn</span> <span class='ocrx_word' id='word_1_3' title='bbox 606 238 710 294; x_wconf 72' lang='lat' dir='ltr'>insupr.</span> <span class='ocrx_word' id='word_1_4' title='bbox 728 221 750 274; x_wconf 90' lang='lat'>1.</span> <span class='ocrx_word' id='word_1_5' title='bbox 767 226 878 275; x_wconf 81' lang='lat' dir='ltr'>stt-ts.</span> 
     </span>
    </p>
   </div>
   <div class='ocr_carea' id='block_1_2' title="bbox 151 376 1265 1977">
    <p class='ocr_par' dir='ltr' id='par_1_2' title="bbox 151 376 1265 1977">
     <span class='ocr_line' id='line_1_2' title="bbox 216 376 1194 456; baseline -0.003 -19"><span class='ocrx_word' id='word_1_6' title='bbox 216 376 324 437; x_wconf 88' lang='lat' dir='ltr'>Sentia¹</span> <span class='ocrx_word' id='word_1_7' title='bbox 342 390 426 456; x_wconf 90' lang='lat' dir='ltr'>nupta</span> <span class='ocrx_word' id='word_1_8' title='bbox 441 383 490 449; x_wconf 82' lang='lat' dir='ltr'>sit3</span> <span class='ocrx_word' id='word_1_9' title='bbox 512 383 564 436; x_wconf 88' lang='lat' dir='ltr'>nisi</span> <span class='ocrx_word' id='word_1_10' title='bbox 584 380 659 455; x_wconf 93' lang='lat' dir='ltr'>quod</span> <span class='ocrx_word' id='word_1_11' title='bbox 674 380 780 437; x_wconf 85' lang='lat' dir='ltr'>scilicet</span> <span class='ocrx_word' id='word_1_12' title='bbox 800 382 847 453; x_wconf 89' lang='lat' dir='ltr'>qui</span> <span class='ocrx_word' id='word_1_13' title='bbox 866 379 1056 436; x_wconf 78' lang='lat' dir='ltr'>dediticiorum</span> <span class='ocrx_word' id='word_1_14' title='bbox 1072 395 1194 434; x_wconf 84' lang='lat' dir='ltr'>numero</span> 
     </span>
     <span class='ocr_line' id='line_1_3' title="bbox 217 463 1193 539; baseline -0.003 -18"><span class='ocrx_word' id='word_1_15' title='bbox 217 475 270 536; x_wconf 89' lang='lat' dir='ltr'>est,</span> <span class='ocrx_word' id='word_1_16' title='bbox 292 468 320 521; x_wconf 90' lang='lat' dir='ltr'>in</span> <span class='ocrx_word' id='word_1_17' title='bbox 343 483 391 522; x_wconf 90' lang='lat' dir='ltr'>sua</span> <span class='ocrx_word' id='word_1_18' title='bbox 414 466 575 522; x_wconf 86' lang='lat' dir='ltr'>condicione</span> <span class='ocrx_word' id='word_1_19' title='bbox 597 475 750 539; x_wconf 88' lang='lat' dir='ltr'>permanet,</span> <span class='ocrx_word' id='word_1_20' title='bbox 773 473 801 520; x_wconf 87' lang='lat' dir='ltr'>et</span> <span class='ocrx_word' id='word_1_21' title='bbox 815 465 877 520; x_wconf 89' lang='lat' dir='ltr'>ideo</span> <span class='ocrx_word' id='word_1_22' title='bbox 892 463 976 534; x_wconf 82' lang='lat' dir='ltr'>fliius,</span> <span class='ocrx_word' id='word_1_23' title='bbox 998 465 1129 536; x_wconf 85' lang='lat' dir='ltr'>quamuis</span> <span class='ocrx_word' id='word_1_24' title='bbox 1144 463 1193 518; x_wconf 82' lang='lat' dir='ltr'>fiat</span> 
     </span>
     <span class='ocr_line' id='line_1_4' title="bbox 216 543 1192 624; baseline -0.004 -18"><span class='ocrx_word' id='word_1_25' title='bbox 216 552 283 606; x_wconf 89' lang='lat' dir='ltr'>ciuis</span> <span class='ocrx_word' id='word_1_26' title='bbox 297 550 446 621; x_wconf 87' lang='lat' dir='ltr'>Romanus,</span> <span class='ocrx_word' id='word_1_27' title='bbox 469 553 496 606; x_wconf 94' lang='lat' dir='ltr'>in</span> <span class='ocrx_word' id='word_1_28' title='bbox 517 559 683 624; x_wconf 88' lang='lat' dir='ltr'>potestatem</span> <span class='ocrx_word' id='word_1_29' title='bbox 702 553 789 623; x_wconf 83' lang='lat' dir='ltr'>patris</span> <span class='ocrx_word' id='word_1_30' title='bbox 804 565 860 605; x_wconf 91' lang='lat' dir='ltr'>non</span> <span class='ocrx_word' id='word_1_31' title='bbox 874 548 1018 622; x_wconf 71' lang='lat' dir='ltr'>redigitur.</span> <span class='ocrx_word' id='word_1_32' title='bbox 1054 543 1108 606; x_wconf 76' lang='grc'>69.</span> <span class='ocrx_word' id='word_1_33' title='bbox 1123 547 1192 602; x_wconf 88' lang='lat' dir='ltr'>item</span> 
     </span>
     <span class='ocr_line' id='line_1_5' title="bbox 151 608 1265 721; baseline -0.001 -32"><span class='ocrx_word' id='word_1_34' title='bbox 151 618 197 721; x_wconf 45' lang='lat'>,¹9⁸</span> <span class='ocrx_word' id='word_1_35' title='bbox 216 637 239 690; x_wconf 88' lang='lat' dir='ltr'>si</span> <span class='ocrx_word' id='word_1_36' title='bbox 254 635 347 692; x_wconf 85' lang='lat' dir='ltr'>Latina</span> <span class='ocrx_word' id='word_1_37' title='bbox 367 637 529 710; x_wconf 83' lang='lat' dir='ltr'>peregrino,</span> <span class='ocrx_word' id='word_1_38' title='bbox 553 651 634 709; x_wconf 86' lang='lat' dir='ltr'>quem</span> <span class='ocrx_word' id='word_1_39' title='bbox 655 634 781 691; x_wconf 90' lang='lat' dir='ltr'>Latinum</span> <span class='ocrx_word' id='word_1_40' title='bbox 800 650 862 690; x_wconf 84' lang='lat' dir='ltr'>esse</span> <span class='ocrx_word' id='word_1_41' title='bbox 884 629 1033 710; x_wconf 66' lang='lat' dir='ltr'>ercideret,</span> <span class='ocrx_word' id='word_1_42' title='bbox 1052 630 1091 704; x_wconf 87' lang='lat' dir='ltr'>’(e</span> <span class='ocrx_word' id='word_1_43' title='bbox 1113 633 1191 706; x_wconf 75' lang='lat' dir='ltr'>leqe)</span> <span class='ocrx_word' id='word_1_44' title='bbox 1263 608 1265 701; x_wconf 54' lang='lat' dir='ltr'>d</span> 
     </span>
     <span class='ocr_line' id='line_1_6' title="bbox 195 711 1265 794; baseline -0.004 -20"><span class='ocrx_word' id='word_1_45' title='bbox 195 711 291 778; x_wconf 77' lang='lat' dir='ltr'>&#39;neiis</span> <span class='ocrx_word' id='word_1_46' title='bbox 313 714 424 776; x_wconf 82' lang='lat' dir='ltr'>Sentia²</span> <span class='ocrx_word' id='word_1_47' title='bbox 445 722 585 794; x_wconf 81' lang='lat' dir='ltr'>nupserit,</span> <span class='ocrx_word' id='word_1_48' title='bbox 606 729 700 793; x_wconf 84' lang='lat' dir='ltr'>potest</span> <span class='ocrx_word' id='word_1_49' title='bbox 720 736 754 775; x_wconf 83' lang='lat' dir='ltr'>ex</span> <span class='ocrx_word' id='word_1_50' title='bbox 775 717 1016 775; x_wconf 83' lang='lat' dir='ltr'>senatusconsulto</span> <span class='ocrx_word' id='word_1_51' title='bbox 1037 715 1097 772; x_wconf 83' lang='lat' dir='ltr'>tilio</span> <span class='ocrx_word' id='word_1_52' title='bbox 1122 725 1191 774; x_wconf 86' lang='lat' dir='ltr'>nato</span> <span class='ocrx_word' id='word_1_53' title='bbox 1263 712 1265 770; x_wconf 82' lang='lat' dir='ltr'>i</span> 
     </span>
     <span class='ocr_line' id='line_1_7' title="bbox 216 795 1256 877; baseline -0.007 -17"><span class='ocrx_word' id='word_1_54' title='bbox 216 821 325 860; x_wconf 87' lang='lat' dir='ltr'>causam</span> <span class='ocrx_word' id='word_1_55' title='bbox 340 808 443 860; x_wconf 86' lang='lat' dir='ltr'>erroris</span> <span class='ocrx_word' id='word_1_56' title='bbox 458 803 588 877; x_wconf 86' lang='lat' dir='ltr'>probare:</span> <span class='ocrx_word' id='word_1_57' title='bbox 609 813 637 862; x_wconf 89' lang='lat' dir='ltr'>et</span> <span class='ocrx_word' id='word_1_58' title='bbox 651 795 715 860; x_wconf 77' lang='lat' dir='ltr'>tto³</span> <span class='ocrx_word' id='word_1_59' title='bbox 728 820 825 859; x_wconf 88' lang='lat' dir='ltr'>omnes</span> <span class='ocrx_word' id='word_1_60' title='bbox 840 801 909 858; x_wconf 86' lang='lat' dir='ltr'>dunt</span> <span class='ocrx_word' id='word_1_61' title='bbox 922 805 997 859; x_wconf 85' lang='lat' dir='ltr'>ciues</span> <span class='ocrx_word' id='word_1_62' title='bbox 1011 802 1141 872; x_wconf 81' lang='lat' dir='ltr'>Romani,</span> <span class='ocrx_word' id='word_1_63' title='bbox 1162 809 1191 857; x_wconf 88' lang='lat' dir='ltr'>et</span> <span class='ocrx_word' id='word_1_64' title='bbox 1206 810 1256 864; x_wconf 67' lang='lat' dir='ltr'>tuo·</span> 
     </span>
     <span class='ocr_line' id='line_1_8' title="bbox 215 884 1191 963; baseline -0.001 -21"><span class='ocrx_word' id='word_1_65' title='bbox 215 887 287 943; x_wconf 83' lang='lat' dir='ltr'>fitius</span> <span class='ocrx_word' id='word_1_66' title='bbox 310 891 338 943; x_wconf 91' lang='lat' dir='ltr'>in</span> <span class='ocrx_word' id='word_1_67' title='bbox 358 897 495 962; x_wconf 77' lang='lat' dir='ltr'><strong>potestate</strong></span> <span class='ocrx_word' id='word_1_68' title='bbox 515 890 599 961; x_wconf 88' lang='lat' dir='ltr'>patris</span> <span class='ocrx_word' id='word_1_69' title='bbox 614 906 678 944; x_wconf 86' lang='lat' dir='ltr'>esse</span> <span class='ocrx_word' id='word_1_70' title='bbox 697 889 800 963; x_wconf 80' lang='lat' dir='ltr'>incipit.</span> <span class='ocrx_word' id='word_1_71' title='bbox 835 884 887 945; x_wconf 86' lang='grc'>70.</span> <span class='ocrx_word' id='word_1_72' title='bbox 909 886 1191 943; x_wconf 83' lang='lat' dir='ltr'>idcm’coustitutum</span> 
     </span>
     <span class='ocr_line' id='line_1_9' title="bbox 215 965 1192 1047; baseline -0.002 -20"><span class='ocrx_word' id='word_1_73' title='bbox 215 980 258 1027; x_wconf 88' lang='lat' dir='ltr'>est</span> <span class='ocrx_word' id='word_1_74' title='bbox 273 965 322 1027; x_wconf 68' lang='lat' dir='ltr'>et4</span> <span class='ocrx_word' id='word_1_75' title='bbox 341 975 364 1028; x_wconf 88' lang='lat' dir='ltr'>si</span> <span class='ocrx_word' id='word_1_76' title='bbox 379 971 492 1028; x_wconf 90' lang='lat' dir='ltr'>Latinus</span> <span class='ocrx_word' id='word_1_77' title='bbox 506 989 556 1046; x_wconf 87' lang='lat' dir='ltr'>per</span> <span class='ocrx_word' id='word_1_78' title='bbox 570 989 691 1030; x_wconf 86' lang='lat' dir='ltr'>errorem</span> <span class='ocrx_word' id='word_1_79' title='bbox 709 974 882 1047; x_wconf 69' lang='lat' dir='ltr'>peregrinam</span> <span class='ocrx_word' id='word_1_80' title='bbox 903 974 980 1046; x_wconf 87' lang='lat' dir='ltr'>quasi</span> <span class='ocrx_word' id='word_1_81' title='bbox 994 971 1120 1026; x_wconf 79' lang='lat' dir='ltr'>Latinam</span> <span class='ocrx_word' id='word_1_82' title='bbox 1141 980 1192 1026; x_wconf 91' lang='lat' dir='ltr'>aut</span> 
     </span>
     <span class='ocr_line' id='line_1_10' title="bbox 215 1052 1190 1131; baseline -0.001 -20"><span class='ocrx_word' id='word_1_83' title='bbox 215 1058 302 1112; x_wconf 85' lang='lat' dir='ltr'>ciuem</span> <span class='ocrx_word' id='word_1_84' title='bbox 318 1056 465 1113; x_wconf 72' lang='lat' dir='ltr'>Romanam</span> <span class='ocrx_word' id='word_1_85' title='bbox 480 1073 496 1112; x_wconf 91' lang='lat' dir='ltr'>e</span> <span class='ocrx_word' id='word_1_86' title='bbox 510 1057 573 1131; x_wconf 76' lang='lat' dir='ltr'>iege</span> <span class='ocrx_word' id='word_1_87' title='bbox 588 1058 663 1114; x_wconf 77' lang='lat' dir='ltr'>Aelia</span> <span class='ocrx_word' id='word_1_88' title='bbox 674 1058 767 1114; x_wconf 85' lang='lat' dir='ltr'>Seutia</span> <span class='ocrx_word' id='word_1_89' title='bbox 782 1073 894 1114; x_wconf 83' lang='lat' dir='ltr'>uxorem</span> <span class='ocrx_word' id='word_1_90' title='bbox 909 1057 1025 1113; x_wconf 83' lang='lat' dir='ltr'>dmerit.</span> <span class='ocrx_word' id='word_1_91' title='bbox 1044 1052 1089 1116; x_wconf 79' lang='lat' dir='ltr'>tt.</span> <span class='ocrx_word' id='word_1_92' title='bbox 1105 1056 1190 1110; x_wconf 84' lang='lat' dir='ltr'>Prae·</span> 
     </span>
     <span class='ocr_line' id='line_1_11' title="bbox 216 1139 1191 1216; baseline -0.002 -20"><span class='ocrx_word' id='word_1_93' title='bbox 216 1151 290 1197; x_wconf 87' lang='lat' dir='ltr'>terea</span> <span class='ocrx_word' id='word_1_94' title='bbox 306 1143 330 1197; x_wconf 87' lang='lat' dir='ltr'>si</span> <span class='ocrx_word' id='word_1_95' title='bbox 343 1143 411 1198; x_wconf 88' lang='lat' dir='ltr'>ciuis</span> <span class='ocrx_word' id='word_1_96' title='bbox 425 1140 573 1214; x_wconf 84' lang='lat' dir='ltr'>Romanus,</span> <span class='ocrx_word' id='word_1_97' title='bbox 590 1145 636 1216; x_wconf 87' lang='lat' dir='ltr'>qui</span> <span class='ocrx_word' id='word_1_98' title='bbox 651 1159 682 1198; x_wconf 88' lang='lat' dir='ltr'>se</span> <span class='ocrx_word' id='word_1_99' title='bbox 694 1142 855 1198; x_wconf 77' lang='lat' dir='ltr'>credidisset</span> <span class='ocrx_word' id='word_1_100' title='bbox 864 1141 990 1198; x_wconf 86' lang='lat' dir='ltr'>Latinum</span> <span class='ocrx_word' id='word_1_101' title='bbox 1006 1142 1088 1212; x_wconf 65' lang='lat' dir='ltr'>csse,</span> <span class='ocrx_word' id='word_1_102' title='bbox 1103 1140 1145 1196; x_wconf 83' lang='lat' dir='ltr'>ob</span> <span class='ocrx_word' id='word_1_103' title='bbox 1159 1139 1191 1194; x_wconf 93' lang='lat' dir='ltr'>id</span> 
     </span>
     <span class='ocr_line' id='line_1_12' title="bbox 214 1220 1191 1301; baseline -0.001 -21"><span class='ocrx_word' id='word_1_104' title='bbox 214 1224 335 1281; x_wconf 83' lang='lat' dir='ltr'>Latinam</span> <span class='ocrx_word' id='word_1_105' title='bbox 346 1235 481 1299; x_wconf 86' lang='lat' dir='ltr'>tamquam</span> <span class='ocrx_word' id='word_1_106' title='bbox 487 1227 568 1282; x_wconf 91' lang='lat' dir='ltr'>modo</span> <span class='ocrx_word' id='word_1_107' title='bbox 580 1244 595 1283; x_wconf 87' lang='lat' dir='ltr'>e</span> <span class='ocrx_word' id='word_1_108' title='bbox 606 1226 749 1301; x_wconf 76' lang='lat' dir='ltr'>iegettelia</span> <span class='ocrx_word' id='word_1_109' title='bbox 755 1227 847 1282; x_wconf 78' lang='lat' dir='ltr'>Sentis</span> <span class='ocrx_word' id='word_1_110' title='bbox 854 1220 1112 1294; x_wconf 77' lang='lat' dir='ltr'>uxoremdurerat,⁵</span> <span class='ocrx_word' id='word_1_111' title='bbox 1123 1241 1191 1298; x_wconf 89' lang='lat' dir='ltr'>per-</span> 
     </span>
     <span class='ocr_line' id='line_1_13' title="bbox 215 1302 1191 1385; baseline 0 -21"><span class='ocrx_word' id='word_1_112' title='bbox 215 1312 334 1366; x_wconf 90' lang='lat' dir='ltr'>mittitur</span> <span class='ocrx_word' id='word_1_113' title='bbox 346 1313 373 1366; x_wconf 86' lang='lat' dir='ltr'>ei</span> <span class='ocrx_word' id='word_1_114' title='bbox 384 1310 439 1367; x_wconf 84' lang='lat' dir='ltr'>titio</span> <span class='ocrx_word' id='word_1_115' title='bbox 452 1320 517 1367; x_wconf 87' lang='lat' dir='ltr'>nato</span> <span class='ocrx_word' id='word_1_116' title='bbox 528 1314 630 1368; x_wconf 85' lang='lat' dir='ltr'>erroris</span> <span class='ocrx_word' id='word_1_117' title='bbox 638 1328 746 1368; x_wconf 87' lang='lat' dir='ltr'>causam</span> <span class='ocrx_word' id='word_1_118' title='bbox 753 1311 884 1385; x_wconf 86' lang='lat' dir='ltr'>probare:</span> <span class='ocrx_word' id='word_1_119' title='bbox 895 1313 961 1368; x_wconf 89' lang='lat' dir='ltr'>item</span> <span class='ocrx_word' id='word_1_120' title='bbox 970 1310 1034 1381; x_wconf 63' lang='lat' dir='ltr'>’nic</span> <span class='ocrx_word' id='word_1_121' title='bbox 1047 1313 1095 1384; x_wconf 93' lang='lat' dir='ltr'>qui</span> <span class='ocrx_word' id='word_1_122' title='bbox 1106 1302 1191 1366; x_wconf 78' lang='lat' dir='ltr'>cum⁶</span> 
     </span>
     <span class='ocr_line' id='line_1_14' title="bbox 214 1395 1190 1470; baseline 0.002 -22"><span class='ocrx_word' id='word_1_123' title='bbox 214 1395 289 1450; x_wconf 87' lang='lat' dir='ltr'>ciues</span> <span class='ocrx_word' id='word_1_124' title='bbox 301 1395 414 1450; x_wconf 81' lang='lat' dir='ltr'>Romani</span> <span class='ocrx_word' id='word_1_125' title='bbox 426 1404 530 1464; x_wconf 87' lang='lat' dir='ltr'>essent,</span> <span class='ocrx_word' id='word_1_126' title='bbox 541 1398 704 1470; x_wconf 82' lang='lat' dir='ltr'>peregrinos</span> <span class='ocrx_word' id='word_1_127' title='bbox 715 1413 746 1451; x_wconf 85' lang='lat' dir='ltr'>se</span> <span class='ocrx_word' id='word_1_128' title='bbox 757 1413 820 1452; x_wconf 86' lang='lat' dir='ltr'>esse</span> <span class='ocrx_word' id='word_1_129' title='bbox 830 1396 1011 1452; x_wconf 77' lang='lat' dir='ltr'>credidissent</span> <span class='ocrx_word' id='word_1_130' title='bbox 1021 1404 1049 1450; x_wconf 92' lang='lat' dir='ltr'>et</span> <span class='ocrx_word' id='word_1_131' title='bbox 1059 1396 1190 1468; x_wconf 77' lang='lat' dir='ltr'>peregri-</span> 
     </span>
     <span class='ocr_line' id='line_1_15' title="bbox 215 1478 1188 1552; baseline 0.002 -20"><span class='ocrx_word' id='word_1_132' title='bbox 215 1494 265 1532; x_wconf 90' lang='lat' dir='ltr'>nas</span> <span class='ocrx_word' id='word_1_133' title='bbox 280 1495 380 1534; x_wconf 79' lang='lat' dir='ltr'>uxores</span> <span class='ocrx_word' id='word_1_134' title='bbox 396 1478 549 1549; x_wconf 76' lang='lat' dir='ltr'>duxissent,</span> <span class='ocrx_word' id='word_1_135' title='bbox 565 1482 732 1552; x_wconf 85' lang='lat' dir='ltr'>permittitur</span> <span class='ocrx_word' id='word_1_136' title='bbox 746 1497 780 1537; x_wconf 86' lang='lat' dir='ltr'>ex</span> <span class='ocrx_word' id='word_1_137' title='bbox 790 1480 1030 1536; x_wconf 84' lang='lat' dir='ltr'>senatusconsulto</span> <span class='ocrx_word' id='word_1_138' title='bbox 1045 1478 1101 1535; x_wconf 84' lang='lat' dir='ltr'>filio</span> <span class='ocrx_word' id='word_1_139' title='bbox 1117 1487 1188 1534; x_wconf 87' lang='lat' dir='ltr'>nato</span> 
     </span>
     <span class='ocr_line' id='line_1_16' title="bbox 214 1564 1265 1668; baseline 0.002 -52"><span class='ocrx_word' id='word_1_140' title='bbox 214 1577 321 1617; x_wconf 89' lang='lat' dir='ltr'>cansam</span> <span class='ocrx_word' id='word_1_141' title='bbox 337 1565 439 1618; x_wconf 88' lang='lat' dir='ltr'>erroris</span> <span class='ocrx_word' id='word_1_142' title='bbox 455 1565 579 1634; x_wconf 83' lang='lat' dir='ltr'>prodere.</span> <span class='ocrx_word' id='word_1_143' title='bbox 610 1581 666 1638; x_wconf 91' lang='lat' dir='ltr'>quo</span> <span class='ocrx_word' id='word_1_144' title='bbox 682 1565 755 1622; x_wconf 86' lang='lat' dir='ltr'>iacto</span> <span class='ocrx_word' id='word_1_145' title='bbox 770 1564 817 1622; x_wconf 84' lang='lat' dir='ltr'>fiet</span> <span class='ocrx_word' id='word_1_146' title='bbox 838 1581 908 1621; x_wconf 79' lang='lat' dir='ltr'>uror</span> <span class='ocrx_word' id='word_1_147' title='bbox 929 1567 998 1622; x_wconf 84' lang='lat' dir='ltr'>ciuis</span> <span class='ocrx_word' id='word_1_148' title='bbox 1016 1564 1137 1620; x_wconf 83' lang='lat' dir='ltr'>Romana</span> <span class='ocrx_word' id='word_1_149' title='bbox 1157 1572 1189 1619; x_wconf 90' lang='lat' dir='ltr'>et</span> <span class='ocrx_word' id='word_1_150' title='bbox 1263 1593 1265 1668; x_wconf 58' lang='lat' dir='ltr'>p</span> 
     </span>
     <span class='ocr_line' id='line_1_17' title="bbox 215 1641 1187 1722; baseline 0.005 -23"><span class='ocrx_word' id='word_1_151' title='bbox 215 1643 287 1700; x_wconf 82' lang='lat' dir='ltr'>tilius</span> <span class='ocrx_word' id='word_1_152' title='bbox 299 1645 422 1720; x_wconf 84' lang='lat' dir='ltr'>’quoque</span> <span class='ocrx_word' id='word_1_153' title='bbox 436 1641 685 1705; x_wconf 79' lang='lat' dir='ltr'>euea⁷nonsolum</span> <span class='ocrx_word' id='word_1_154' title='bbox 696 1652 882 1706; x_wconf 81' lang='lat' dir='ltr'>odcinitatem</span> <span class='ocrx_word' id='word_1_155' title='bbox 888 1649 1032 1706; x_wconf 81' lang='lat' dir='ltr'>Romanam</span> <span class='ocrx_word' id='word_1_156' title='bbox 1043 1651 1187 1722; x_wconf 85' lang='lat' dir='ltr'>peruenit,</span> 
     </span>
     <span class='ocr_line' id='line_1_18' title="bbox 215 1731 1186 1808; baseline 0.005 -24"><span class='ocrx_word' id='word_1_157' title='bbox 215 1731 262 1786; x_wconf 89' lang='lat' dir='ltr'>sed</span> <span class='ocrx_word' id='word_1_158' title='bbox 277 1733 359 1787; x_wconf 89' lang='lat' dir='ltr'>etiam</span> <span class='ocrx_word' id='word_1_159' title='bbox 374 1733 401 1786; x_wconf 91' lang='lat' dir='ltr'>in</span> <span class='ocrx_word' id='word_1_160' title='bbox 416 1739 581 1805; x_wconf 88' lang='lat' dir='ltr'>potestatem</span> <span class='ocrx_word' id='word_1_161' title='bbox 596 1735 682 1806; x_wconf 88' lang='lat' dir='ltr'>patris</span> <span class='ocrx_word' id='word_1_162' title='bbox 701 1735 845 1808; x_wconf 79' lang='lat' dir='ltr'>redigitur.</span> <span class='ocrx_word' id='word_1_163' title='bbox 880 1731 925 1792; x_wconf 77' lang='lat' dir='ltr'>tn</span> <span class='ocrx_word' id='word_1_164' title='bbox 940 1733 1135 1806; x_wconf 83' lang='lat' dir='ltr'>Quaecumque</span> <span class='ocrx_word' id='word_1_165' title='bbox 1149 1733 1186 1789; x_wconf 88' lang='lat' dir='ltr'>de</span> 
     </span>
     <span class='ocr_line' id='line_1_19' title="bbox 214 1813 1186 1893; baseline 0.003 -23"><span class='ocrx_word' id='word_1_166' title='bbox 214 1814 271 1870; x_wconf 86' lang='lat' dir='ltr'>iilio</span> <span class='ocrx_word' id='word_1_167' title='bbox 286 1831 346 1872; x_wconf 88' lang='lat' dir='ltr'>esse</span> <span class='ocrx_word' id='word_1_168' title='bbox 362 1815 488 1887; x_wconf 80' lang='lat' dir='ltr'>diximus,</span> <span class='ocrx_word' id='word_1_169' title='bbox 504 1817 597 1872; x_wconf 88' lang='lat' dir='ltr'>eadem</span> <span class='ocrx_word' id='word_1_170' title='bbox 612 1818 689 1873; x_wconf 90' lang='lat' dir='ltr'>etde</span> <span class='ocrx_word' id='word_1_171' title='bbox 704 1817 757 1874; x_wconf 88' lang='lat' dir='ltr'>fitia</span> <span class='ocrx_word' id='word_1_172' title='bbox 773 1820 844 1876; x_wconf 90' lang='lat' dir='ltr'>dicta</span> <span class='ocrx_word' id='word_1_173' title='bbox 859 1819 1060 1893; x_wconf 76' lang='lat' dir='ltr'>intellegemus.</span> <span class='ocrx_word' id='word_1_174' title='bbox 1087 1813 1136 1876; x_wconf 75' lang='lat'>78.</span> <span class='ocrx_word' id='word_1_175' title='bbox 1150 1818 1186 1873; x_wconf 84' lang='lat' dir='ltr'>itt</span> 
     </span>
     <span class='ocr_line' id='line_1_20' title="bbox 214 1901 1183 1977; baseline 0.005 -24"><span class='ocrx_word' id='word_1_176' title='bbox 214 1908 346 1971; x_wconf 89' lang='lat' dir='ltr'>quantum</span> <span class='ocrx_word' id='word_1_177' title='bbox 362 1901 395 1956; x_wconf 83' lang='lat' dir='ltr'>ad</span> <span class='ocrx_word' id='word_1_178' title='bbox 411 1903 512 1956; x_wconf 87' lang='lat' dir='ltr'>erroris</span> <span class='ocrx_word' id='word_1_179' title='bbox 527 1918 635 1958; x_wconf 87' lang='lat' dir='ltr'>causam</span> <span class='ocrx_word' id='word_1_180' title='bbox 657 1902 823 1976; x_wconf 85' lang='lat' dir='ltr'>probandam</span> <span class='ocrx_word' id='word_1_181' title='bbox 838 1907 952 1977; x_wconf 86' lang='lat' dir='ltr'>attinet,</span> <span class='ocrx_word' id='word_1_182' title='bbox 970 1902 1038 1960; x_wconf 82' lang='lat' dir='ltr'>nihil</span> <span class='ocrx_word' id='word_1_183' title='bbox 1055 1903 1183 1975; x_wconf 86' lang='lat' dir='ltr'>interest,</span> 
     </span>
    </p>
   </div>
   <div class='ocr_carea' id='block_1_3' title="bbox 212 2067 1265 2922">
    <p class='ocr_par' dir='ltr' id='par_1_3' title="bbox 212 2067 1265 2922">
     <span class='ocr_line' id='line_1_21' title="bbox 289 2067 1265 2137; baseline 0.001 -18"><span class='ocrx_word' id='word_1_184' title='bbox 289 2067 308 2135; x_wconf 92' lang='lat'>¹)</span> <span class='ocrx_word' id='word_1_185' title='bbox 324 2086 345 2119; x_wconf 87' lang='lat' dir='ltr'>s.</span> <span class='ocrx_word' id='word_1_186' title='bbox 361 2086 387 2119; x_wconf 89' lang='lat' dir='ltr'>se</span> <span class='ocrx_word' id='word_1_187' title='bbox 406 2072 457 2133; x_wconf 80' lang='lat' dir='ltr'>iege</span> <span class='ocrx_word' id='word_1_188' title='bbox 477 2087 499 2119; x_wconf 91' lang='lat' dir='ltr'>a.</span> <span class='ocrx_word' id='word_1_189' title='bbox 515 2086 535 2123; x_wconf 86' lang='lat' dir='ltr'>s.</span> <span class='ocrx_word' id='word_1_190' title='bbox 555 2068 607 2121; x_wconf 71' lang='lat' dir='ltr'>W.</span> <span class='ocrx_word' id='word_1_191' title='bbox 636 2074 808 2123; x_wconf 85' lang='lat' dir='ltr'>utsecnndum</span> <span class='ocrx_word' id='word_1_192' title='bbox 822 2075 899 2137; x_wconf 78' lang='lat' dir='ltr'>legem</span> <span class='ocrx_word' id='word_1_193' title='bbox 912 2074 1002 2123; x_wconf 76' lang='lat' dir='ltr'>Aeliam</span> <span class='ocrx_word' id='word_1_194' title='bbox 1017 2074 1122 2123; x_wconf 68' lang='lat' dir='ltr'>Sentium</span> <span class='ocrx_word' id='word_1_195' title='bbox 1138 2074 1181 2123; x_wconf 82' lang='lat' dir='ltr'>ed.</span> <span class='ocrx_word' id='word_1_196' title='bbox 1263 2067 1265 2120; x_wconf 60' lang='grc' dir='ltr'><strong>ἶ</strong></span> 
     </span>
     <span class='ocr_line' id='line_1_22' title="bbox 214 2141 1265 2211; baseline 0.003 -22"><span class='ocrx_word' id='word_1_197' title='bbox 214 2141 305 2192; x_wconf 88' lang='lat' dir='ltr'>Polen.</span> <span class='ocrx_word' id='word_1_198' title='bbox 334 2142 373 2206; x_wconf 80' lang='lat' dir='ltr'>Cf.</span> <span class='ocrx_word' id='word_1_199' title='bbox 388 2150 532 2207; x_wconf 83' lang='lat' dir='ltr'>sequentem</span> <span class='ocrx_word' id='word_1_200' title='bbox 551 2152 644 2194; x_wconf 83' lang='lat' dir='ltr'>notant.</span> <span class='ocrx_word' id='word_1_201' title='bbox 707 2141 825 2209; x_wconf 78' lang='lat' dir='ltr'>¹)Sensu</span> <span class='ocrx_word' id='word_1_202' title='bbox 843 2148 963 2211; x_wconf 70' lang='lat' dir='ltr'>exipente</span> <span class='ocrx_word' id='word_1_203' title='bbox 982 2145 1082 2195; x_wconf 81' lang='lat' dir='ltr'>addidi.</span> <span class='ocrx_word' id='word_1_204' title='bbox 1111 2145 1183 2195; x_wconf 87' lang='lat' dir='ltr'>Puto</span> <span class='ocrx_word' id='word_1_205' title='bbox 1263 2185 1265 2192; x_wconf 94' lang='lat'>.</span> 
     </span>
     <span class='ocr_line' id='line_1_23' title="bbox 213 2215 1265 2282; baseline 0.005 -21"><span class='ocrx_word' id='word_1_206' title='bbox 213 2229 274 2263; x_wconf 86' lang='lat' dir='ltr'>nero</span> <span class='ocrx_word' id='word_1_207' title='bbox 294 2216 407 2278; x_wconf 85' lang='lat' dir='ltr'>primum</span> <span class='ocrx_word' id='word_1_208' title='bbox 431 2217 526 2264; x_wconf 86' lang='lat' dir='ltr'>litteris</span> <span class='ocrx_word' id='word_1_209' title='bbox 550 2231 562 2263; x_wconf 87' lang='lat' dir='ltr'>e</span> <span class='ocrx_word' id='word_1_210' title='bbox 586 2215 660 2282; x_wconf 77' lang='lat' dir='ltr'>l(eqe)</span> <span class='ocrx_word' id='word_1_211' title='bbox 679 2216 710 2266; x_wconf 82' lang='lat' dir='ltr'>od</span> <span class='ocrx_word' id='word_1_212' title='bbox 728 2218 831 2266; x_wconf 84' lang='lat' dir='ltr'>uicinas</span> <span class='ocrx_word' id='word_1_213' title='bbox 854 2219 957 2265; x_wconf 85' lang='lat' dir='ltr'>litteras</span> <span class='ocrx_word' id='word_1_214' title='bbox 974 2216 1097 2265; x_wconf 82' lang='lat' dir='ltr'>credes-et</span> <span class='ocrx_word' id='word_1_215' title='bbox 1119 2219 1183 2265; x_wconf 85' lang='lat' dir='ltr'>olim</span> <span class='ocrx_word' id='word_1_216' title='bbox 1263 2235 1265 2250; x_wconf 79' lang='lat'><strong>¹</strong></span> 
     </span>
     <span class='ocr_line' id='line_1_24' title="bbox 213 2283 1264 2353; baseline 0.003 -20"><span class='ocrx_word' id='word_1_217' title='bbox 213 2287 322 2342; x_wconf 86' lang='lat' dir='ltr'>omissis,</span> <span class='ocrx_word' id='word_1_218' title='bbox 338 2293 439 2333; x_wconf 85' lang='lat' dir='ltr'>eeteros</span> <span class='ocrx_word' id='word_1_219' title='bbox 458 2301 480 2333; x_wconf 87' lang='lat' dir='ltr'>a.</span> <span class='ocrx_word' id='word_1_220' title='bbox 495 2300 515 2335; x_wconf 90' lang='lat' dir='ltr'>s.</span> <span class='ocrx_word' id='word_1_221' title='bbox 531 2286 568 2334; x_wconf 86' lang='lat' dir='ltr'>ad</span> <span class='ocrx_word' id='word_1_222' title='bbox 584 2289 727 2352; x_wconf 71' lang='lat' dir='ltr'>marqinem</span> <span class='ocrx_word' id='word_1_223' title='bbox 745 2290 887 2352; x_wconf 85' lang='lat' dir='ltr'>aliquando</span> <span class='ocrx_word' id='word_1_224' title='bbox 903 2287 937 2353; x_wconf 83' lang='lat' dir='ltr'>(d.</span> <span class='ocrx_word' id='word_1_225' title='bbox 953 2304 974 2337; x_wconf 88' lang='lat' dir='ltr'>e.</span> <span class='ocrx_word' id='word_1_226' title='bbox 990 2290 1017 2337; x_wconf 86' lang='lat' dir='ltr'>in</span> <span class='ocrx_word' id='word_1_227' title='bbox 1032 2289 1184 2351; x_wconf 81' lang='lat' dir='ltr'>antiquiore</span> <span class='ocrx_word' id='word_1_228' title='bbox 1263 2283 1264 2288; x_wconf 62' lang='grc'>’</span> 
     </span>
     <span class='ocr_line' id='line_1_25' title="bbox 213 2355 1182 2423; baseline 0.004 -20"><span class='ocrx_word' id='word_1_229' title='bbox 213 2355 312 2413; x_wconf 79' lang='lat' dir='ltr'>codiee,</span> <span class='ocrx_word' id='word_1_230' title='bbox 332 2355 477 2404; x_wconf 83' lang='lat' dir='ltr'>Veronensi</span> <span class='ocrx_word' id='word_1_231' title='bbox 486 2357 589 2417; x_wconf 82' lang='lat' dir='ltr'>priore,</span> <span class='ocrx_word' id='word_1_232' title='bbox 604 2359 674 2420; x_wconf 85' lang='lat' dir='ltr'>quod</span> <span class='ocrx_word' id='word_1_233' title='bbox 686 2361 778 2407; x_wconf 85' lang='lat' dir='ltr'>mirum</span> <span class='ocrx_word' id='word_1_234' title='bbox 794 2360 881 2408; x_wconf 84' lang='lat' dir='ltr'>uideri</span> <span class='ocrx_word' id='word_1_235' title='bbox 893 2358 961 2423; x_wconf 74' lang='lat' dir='ltr'>Bpt&#39;o</span> <span class='ocrx_word' id='word_1_236' title='bbox 979 2360 1019 2408; x_wconf 90' lang='lat' dir='ltr'>ed.</span> <span class='ocrx_word' id='word_1_237' title='bbox 1034 2371 1054 2411; x_wconf 87' lang='lat'>5.</span> <span class='ocrx_word' id='word_1_238' title='bbox 1070 2373 1120 2407; x_wconf 89' lang='lat' dir='ltr'>non</span> <span class='ocrx_word' id='word_1_239' title='bbox 1135 2360 1182 2407; x_wconf 82' lang='lat' dir='ltr'>de-</span> 
     </span>
     <span class='ocr_line' id='line_1_26' title="bbox 213 2423 1181 2491; baseline 0.006 -20"><span class='ocrx_word' id='word_1_240' title='bbox 213 2423 296 2487; x_wconf 85' lang='lat' dir='ltr'>bebat)</span> <span class='ocrx_word' id='word_1_241' title='bbox 314 2428 447 2488; x_wconf 82' lang='lat' dir='ltr'>suppletus</span> <span class='ocrx_word' id='word_1_242' title='bbox 464 2429 616 2488; x_wconf 78' lang='lat' dir='ltr'>peruenisse</span> <span class='ocrx_word' id='word_1_243' title='bbox 635 2430 663 2477; x_wconf 87' lang='lat' dir='ltr'>in</span> <span class='ocrx_word' id='word_1_244' title='bbox 678 2431 701 2490; x_wconf 72' lang='lat'>§-</span> <span class='ocrx_word' id='word_1_245' title='bbox 716 2442 764 2488; x_wconf 75' lang='lat' dir='ltr'>se,</span> <span class='ocrx_word' id='word_1_246' title='bbox 783 2430 828 2479; x_wconf 84' lang='lat' dir='ltr'>ubi</span> <span class='ocrx_word' id='word_1_247' title='bbox 845 2447 916 2480; x_wconf 87' lang='lat' dir='ltr'>nunc</span> <span class='ocrx_word' id='word_1_248' title='bbox 930 2447 952 2479; x_wconf 87' lang='lat' dir='ltr'>u.</span> <span class='ocrx_word' id='word_1_249' title='bbox 967 2441 1002 2481; x_wconf 76' lang='lat' dir='ltr'>to.</span> <span class='ocrx_word' id='word_1_250' title='bbox 1025 2436 1085 2478; x_wconf 85' lang='lat' dir='ltr'>onte</span> <span class='ocrx_word' id='word_1_251' title='bbox 1100 2445 1113 2477; x_wconf 90' lang='lat' dir='ltr'>e</span> <span class='ocrx_word' id='word_1_252' title='bbox 1127 2430 1181 2491; x_wconf 83' lang='lat' dir='ltr'>iege</span> 
     </span>
     <span class='ocr_line' id='line_1_27' title="bbox 212 2495 1264 2560; baseline 0.01 -18"><span class='ocrx_word' id='word_1_253' title='bbox 212 2495 238 2543; x_wconf 82' lang='lat' dir='ltr'>t.</span> <span class='ocrx_word' id='word_1_254' title='bbox 255 2496 279 2542; x_wconf 90' lang='lat' dir='ltr'>S.</span> <span class='ocrx_word' id='word_1_255' title='bbox 300 2497 326 2543; x_wconf 89' lang='lat' dir='ltr'>in</span> <span class='ocrx_word' id='word_1_256' title='bbox 343 2496 368 2544; x_wconf 81' lang='lat'>0.</span> <span class='ocrx_word' id='word_1_257' title='bbox 384 2498 518 2560; x_wconf 74' lang='lat' dir='ltr'>tepuntur,</span> <span class='ocrx_word' id='word_1_258' title='bbox 537 2497 570 2545; x_wconf 83' lang='lat' dir='ltr'>ab</span> <span class='ocrx_word' id='word_1_259' title='bbox 588 2500 646 2547; x_wconf 85' lang='lat' dir='ltr'>edd.</span> <span class='ocrx_word' id='word_1_260' title='bbox 662 2509 733 2550; x_wconf 84' lang='lat' dir='ltr'>reete</span> <span class='ocrx_word' id='word_1_261' title='bbox 751 2504 860 2551; x_wconf 84' lang='lat' dir='ltr'>omissae</span> <span class='ocrx_word' id='word_1_262' title='bbox 875 2508 944 2553; x_wconf 90' lang='lat' dir='ltr'>sunt.</span> <span class='ocrx_word' id='word_1_263' title='bbox 969 2502 1020 2550; x_wconf 87' lang='lat' dir='ltr'>oid.</span> <span class='ocrx_word' id='word_1_264' title='bbox 1035 2500 1073 2549; x_wconf 86' lang='lat' dir='ltr'>idi</span> <span class='ocrx_word' id='word_1_265' title='bbox 1090 2508 1143 2550; x_wconf 83' lang='lat' dir='ltr'>not.</span> <span class='ocrx_word' id='word_1_266' title='bbox 1158 2514 1181 2552; x_wconf 78' lang='lat' dir='ltr'>s.</span> <span class='ocrx_word' id='word_1_267' title='bbox 1263 2495 1264 2498; x_wconf 9' lang='grc' dir='ltr'><strong>Ἴ</strong></span> 
     </span>
     <span class='ocr_line' id='line_1_28' title="bbox 214 2560 1264 2637; baseline 0.011 -24"><span class='ocrx_word' id='word_1_268' title='bbox 214 2560 289 2629; x_wconf 74' lang='lat' dir='ltr'>⁸)‘et</span> <span class='ocrx_word' id='word_1_269' title='bbox 303 2564 351 2614; x_wconf 85' lang='lat' dir='ltr'>ito’</span> <span class='ocrx_word' id='word_1_270' title='bbox 372 2568 430 2616; x_wconf 87' lang='lat' dir='ltr'>edd.</span> <span class='ocrx_word' id='word_1_271' title='bbox 445 2570 532 2631; x_wconf 83' lang='lat' dir='ltr'>prior.</span> <span class='ocrx_word' id='word_1_272' title='bbox 547 2568 637 2633; x_wconf 83' lang='lat' dir='ltr'>Suppl.</span> <span class='ocrx_word' id='word_1_273' title='bbox 653 2570 691 2620; x_wconf 86' lang='lat' dir='ltr'>St.</span> <span class='ocrx_word' id='word_1_274' title='bbox 706 2574 806 2635; x_wconf 82' lang='lat' dir='ltr'>fouent.</span> <span class='ocrx_word' id='word_1_275' title='bbox 867 2570 889 2637; x_wconf 82' lang='lat'>⁴)</span> <span class='ocrx_word' id='word_1_276' title='bbox 903 2572 949 2621; x_wconf 74' lang='lat' dir='ltr'>En</span> <span class='ocrx_word' id='word_1_277' title='bbox 967 2568 1024 2632; x_wconf 48' lang='grc' dir='ltr'>ΙΝ,</span> <span class='ocrx_word' id='word_1_278' title='bbox 1040 2574 1093 2624; x_wconf 82' lang='lat' dir='ltr'>nt’st&#39;</span> <span class='ocrx_word' id='word_1_279' title='bbox 1109 2574 1183 2636; x_wconf 80' lang='lat' dir='ltr'>quod</span> <span class='ocrx_word' id='word_1_280' title='bbox 1263 2575 1264 2580; x_wconf 73' lang='grc'>’</span> 
     </span>
     <span class='ocr_line' id='line_1_29' title="bbox 213 2640 1183 2709; baseline 0.01 -26"><span class='ocrx_word' id='word_1_281' title='bbox 213 2642 238 2683; x_wconf 93' lang='lat' dir='ltr'>ut</span> <span class='ocrx_word' id='word_1_282' title='bbox 247 2652 300 2699; x_wconf 83' lang='lat' dir='ltr'>pro</span> <span class='ocrx_word' id='word_1_283' title='bbox 315 2646 338 2686; x_wconf 88' lang='lat' dir='ltr'>et</span> <span class='ocrx_word' id='word_1_284' title='bbox 352 2641 477 2701; x_wconf 80' lang='lat' dir='ltr'>seriptum</span> <span class='ocrx_word' id='word_1_285' title='bbox 488 2640 573 2703; x_wconf 82' lang='lat' dir='ltr'>fuisse</span> <span class='ocrx_word' id='word_1_286' title='bbox 587 2643 668 2689; x_wconf 64' lang='lat' dir='ltr'>uuum</span> <span class='ocrx_word' id='word_1_287' title='bbox 682 2652 728 2692; x_wconf 87' lang='lat' dir='ltr'>est.</span> <span class='ocrx_word' id='word_1_288' title='bbox 797 2642 818 2709; x_wconf 60' lang='grc' dir='ltr'>ὅ)</span> <span class='ocrx_word' id='word_1_289' title='bbox 838 2641 897 2703; x_wconf 68' lang='lat' dir='ltr'>W,</span> <span class='ocrx_word' id='word_1_290' title='bbox 915 2644 963 2693; x_wconf 86' lang='lat' dir='ltr'>sed</span> <span class='ocrx_word' id='word_1_291' title='bbox 975 2645 1066 2693; x_wconf 83' lang='lat' dir='ltr'>addito</span> <span class='ocrx_word' id='word_1_292' title='bbox 1080 2650 1104 2691; x_wconf 87' lang='lat' dir='ltr'>et</span> <span class='ocrx_word' id='word_1_293' title='bbox 1117 2650 1183 2707; x_wconf 86' lang='lat' dir='ltr'>post</span> 
     </span>
     <span class='ocr_line' id='line_1_30' title="bbox 213 2710 1181 2779; baseline 0.009 -24"><span class='ocrx_word' id='word_1_294' title='bbox 213 2721 266 2756; x_wconf 88' lang='lat' dir='ltr'>esse</span> <span class='ocrx_word' id='word_1_295' title='bbox 286 2716 312 2757; x_wconf 90' lang='lat' dir='ltr'>et</span> <span class='ocrx_word' id='word_1_296' title='bbox 329 2710 415 2758; x_wconf 83' lang='lat' dir='ltr'>uerbis</span> <span class='ocrx_word' id='word_1_297' title='bbox 433 2710 457 2759; x_wconf 80' lang='lat' dir='ltr'>tt.</span> <span class='ocrx_word' id='word_1_298' title='bbox 478 2714 494 2760; x_wconf 81' lang='lat' dir='ltr'>t.</span> <span class='ocrx_word' id='word_1_299' title='bbox 514 2714 671 2761; x_wconf 82' lang='lat' dir='ltr'>necessariis</span> <span class='ocrx_word' id='word_1_300' title='bbox 689 2721 810 2778; x_wconf 86' lang='lat' dir='ltr'>tamquam</span> <span class='ocrx_word' id='word_1_301' title='bbox 825 2752 831 2764; x_wconf 92' lang='lat'>.</span> <span class='ocrx_word' id='word_1_302' title='bbox 847 2752 853 2764; x_wconf 92' lang='lat'>.</span> <span class='ocrx_word' id='word_1_303' title='bbox 870 2753 876 2765; x_wconf 92' lang='lat'>.</span> <span class='ocrx_word' id='word_1_304' title='bbox 892 2716 1015 2764; x_wconf 83' lang='lat' dir='ltr'>duxissent</span> <span class='ocrx_word' id='word_1_305' title='bbox 1030 2714 1089 2779; x_wconf 85' lang='lat' dir='ltr'>(ltoe</span> <span class='ocrx_word' id='word_1_306' title='bbox 1104 2716 1181 2778; x_wconf 84' lang='lat' dir='ltr'>sacto</span> 
     </span>
     <span class='ocr_line' id='line_1_31' title="bbox 212 2779 1181 2850; baseline 0.007 -22"><span class='ocrx_word' id='word_1_307' title='bbox 212 2779 363 2846; x_wconf 71' lang='lat' dir='ltr'>seduxerit)</span> <span class='ocrx_word' id='word_1_308' title='bbox 382 2784 409 2829; x_wconf 89' lang='lat' dir='ltr'>in</span> <span class='ocrx_word' id='word_1_309' title='bbox 425 2783 478 2845; x_wconf 77' lang='lat' dir='ltr'>fine</span> <span class='ocrx_word' id='word_1_310' title='bbox 497 2784 605 2845; x_wconf 84' lang='lat' dir='ltr'>periodi</span> <span class='ocrx_word' id='word_1_311' title='bbox 618 2792 680 2846; x_wconf 82' lang='lat' dir='ltr'>post</span> <span class='ocrx_word' id='word_1_312' title='bbox 698 2800 793 2835; x_wconf 81' lang='lat' dir='ltr'>causum</span> <span class='ocrx_word' id='word_1_313' title='bbox 813 2788 916 2850; x_wconf 86' lang='lat' dir='ltr'>probare</span> <span class='ocrx_word' id='word_1_314' title='bbox 935 2787 1114 2849; x_wconf 80' lang='lat' dir='ltr'>transpositis,</span> <span class='ocrx_word' id='word_1_315' title='bbox 1133 2786 1181 2835; x_wconf 77' lang='lat' dir='ltr'>udi</span> 
     </span>
     <span class='ocr_line' id='line_1_32' title="bbox 212 2852 1181 2922; baseline 0.006 -23"><span class='ocrx_word' id='word_1_316' title='bbox 212 2852 323 2901; x_wconf 84' lang='lat' dir='ltr'>ulterius</span> <span class='ocrx_word' id='word_1_317' title='bbox 337 2862 463 2916; x_wconf 82' lang='lat' dir='ltr'>corrupta</span> <span class='ocrx_word' id='word_1_318' title='bbox 477 2860 502 2902; x_wconf 88' lang='lat' dir='ltr'>et</span> <span class='ocrx_word' id='word_1_319' title='bbox 516 2855 543 2903; x_wconf 86' lang='lat' dir='ltr'>in</span> <span class='ocrx_word' id='word_1_320' title='bbox 557 2855 615 2903; x_wconf 86' lang='lat' dir='ltr'>edd.</span> <span class='ocrx_word' id='word_1_321' title='bbox 627 2857 756 2920; x_wconf 62' lang='lat' dir='ltr'>leguntur.</span> <span class='ocrx_word' id='word_1_322' title='bbox 781 2856 858 2908; x_wconf 87' lang='lat' dir='ltr'>Nunc</span> <span class='ocrx_word' id='word_1_323' title='bbox 867 2858 906 2922; x_wconf 83' lang='lat' dir='ltr'>(t&#39;n</span> <span class='ocrx_word' id='word_1_324' title='bbox 916 2858 956 2907; x_wconf 85' lang='lat' dir='ltr'>ed.</span> <span class='ocrx_word' id='word_1_325' title='bbox 966 2855 991 2922; x_wconf 89' lang='lat'>5)</span> <span class='ocrx_word' id='word_1_326' title='bbox 1006 2864 1090 2906; x_wconf 88' lang='lat' dir='ltr'>tamen</span> <span class='ocrx_word' id='word_1_327' title='bbox 1102 2858 1181 2907; x_wconf 82' lang='lat' dir='ltr'>etium</span> 
     </span>
    </p>
   </div>
   <div class='ocr_carea' id='block_1_4' title="bbox 211 2924 1265 3508">
    <p class='ocr_par' dir='ltr' id='par_1_4' title="bbox 211 2924 1265 3508">
     <span class='ocr_line' id='line_1_33' title="bbox 211 2924 1178 3011; baseline 0.008 -24"><span class='ocrx_word' id='word_1_328' title='bbox 211 2924 235 2988; x_wconf 79' lang='lat'><em>1‘1&#39;1</em></span> <span class='ocrx_word' id='word_1_329' title='bbox 246 2962 280 2981; x_wconf 87' lang='lat'><em>=</em></span> <span class='ocrx_word' id='word_1_330' title='bbox 291 2941 361 2989; x_wconf 91' lang='lat' dir='ltr'>modo</span> <span class='ocrx_word' id='word_1_331' title='bbox 371 2944 477 3003; x_wconf 84' lang='lat' dir='ltr'>retinui,</span> <span class='ocrx_word' id='word_1_332' title='bbox 492 2944 562 3006; x_wconf 85' lang='lat' dir='ltr'>quod</span> <span class='ocrx_word' id='word_1_333' title='bbox 572 2943 598 2992; x_wconf 81' lang='lat'>0.</span> <span class='ocrx_word' id='word_1_334' title='bbox 608 2944 686 2994; x_wconf 77' lang='lat' dir='ltr'>dubet</span> <span class='ocrx_word' id='word_1_335' title='bbox 694 2953 756 3009; x_wconf 82' lang='lat' dir='ltr'>post</span> <span class='ocrx_word' id='word_1_336' title='bbox 764 2944 907 3011; x_wconf 87' lang='lat' dir='ltr'>tanq(uam),</span> <span class='ocrx_word' id='word_1_337' title='bbox 917 2961 956 3005; x_wconf 86' lang='lat' dir='ltr'>eo,</span> <span class='ocrx_word' id='word_1_338' title='bbox 966 2951 994 2994; x_wconf 86' lang='lat' dir='ltr'>ut</span> <span class='ocrx_word' id='word_1_339' title='bbox 1002 2953 1076 3009; x_wconf 82' lang='lat' dir='ltr'>puto,</span> <span class='ocrx_word' id='word_1_340' title='bbox 1090 2960 1178 3005; x_wconf 86' lang='lat' dir='ltr'>sensu,</span> 
     </span>
     <span class='ocr_line' id='line_1_34' title="bbox 212 3014 1179 3075; baseline 0.008 -17"><span class='ocrx_word' id='word_1_341' title='bbox 212 3018 239 3059; x_wconf 90' lang='lat' dir='ltr'>ut</span> <span class='ocrx_word' id='word_1_342' title='bbox 253 3026 304 3060; x_wconf 90' lang='lat' dir='ltr'>non</span> <span class='ocrx_word' id='word_1_343' title='bbox 319 3014 395 3073; x_wconf 83' lang='lat' dir='ltr'>quasi</span> <span class='ocrx_word' id='word_1_344' title='bbox 409 3015 567 3062; x_wconf 81' lang='lat' dir='ltr'>naturaliter</span> <span class='ocrx_word' id='word_1_345' title='bbox 577 3015 691 3065; x_wconf 87' lang='lat' dir='ltr'>Latinus</span> <span class='ocrx_word' id='word_1_346' title='bbox 700 3017 823 3066; x_wconf 86' lang='lat' dir='ltr'>Latinam</span> <span class='ocrx_word' id='word_1_347' title='bbox 837 3032 946 3067; x_wconf 73' lang='lat' dir='ltr'>uxorem</span> <span class='ocrx_word' id='word_1_348' title='bbox 960 3016 1075 3075; x_wconf 85' lang='lat' dir='ltr'>duceret,</span> <span class='ocrx_word' id='word_1_349' title='bbox 1089 3018 1137 3066; x_wconf 88' lang='lat' dir='ltr'>sed</span> <span class='ocrx_word' id='word_1_350' title='bbox 1148 3025 1179 3066; x_wconf 89' lang='lat' dir='ltr'>ut</span> 
     </span>
     <span class='ocr_line' id='line_1_35' title="bbox 212 3080 1265 3153; baseline 0.013 -25"><span class='ocrx_word' id='word_1_351' title='bbox 212 3096 246 3129; x_wconf 76' lang='lat' dir='ltr'>ex</span> <span class='ocrx_word' id='word_1_352' title='bbox 261 3084 316 3146; x_wconf 73' lang='lat' dir='ltr'>teqe</span> <span class='ocrx_word' id='word_1_353' title='bbox 331 3082 363 3130; x_wconf 87' lang='grc' dir='ltr'>Α.</span> <span class='ocrx_word' id='word_1_354' title='bbox 378 3080 405 3130; x_wconf 86' lang='lat' dir='ltr'>S.</span> <span class='ocrx_word' id='word_1_355' title='bbox 421 3083 455 3146; x_wconf 66' lang='grc' dir='ltr'>(ξ.</span> <span class='ocrx_word' id='word_1_356' title='bbox 470 3082 507 3148; x_wconf 79' lang='lat' dir='ltr'>ns)</span> <span class='ocrx_word' id='word_1_357' title='bbox 523 3100 603 3135; x_wconf 85' lang='lat' dir='ltr'>eausa</span> <span class='ocrx_word' id='word_1_358' title='bbox 618 3087 732 3149; x_wconf 82' lang='lat' dir='ltr'>probata</span> <span class='ocrx_word' id='word_1_359' title='bbox 748 3090 894 3153; x_wconf 68' lang='lat' dir='ltr'>aliquando</span> <span class='ocrx_word' id='word_1_360' title='bbox 913 3104 971 3137; x_wconf 87' lang='lat' dir='ltr'>cum</span> <span class='ocrx_word' id='word_1_361' title='bbox 985 3104 1069 3138; x_wconf 74' lang='lat' dir='ltr'>unere</span> <span class='ocrx_word' id='word_1_362' title='bbox 1084 3096 1109 3138; x_wconf 86' lang='lat' dir='ltr'>et</span> <span class='ocrx_word' id='word_1_363' title='bbox 1119 3090 1178 3151; x_wconf 83' lang='lat' dir='ltr'>filio</span> <span class='ocrx_word' id='word_1_364' title='bbox 1258 3106 1265 3142; x_wconf 73' lang='lat'>2</span> 
     </span>
     <span class='ocr_line' id='line_1_36' title="bbox 212 3151 1179 3225; baseline 0.009 -25"><span class='ocrx_word' id='word_1_365' title='bbox 212 3153 341 3201; x_wconf 83' lang='lat' dir='ltr'>civitatem</span> <span class='ocrx_word' id='word_1_366' title='bbox 355 3151 426 3203; x_wconf 87' lang='lat' dir='ltr'>Rom.</span> <span class='ocrx_word' id='word_1_367' title='bbox 437 3164 645 3219; x_wconf 83' lang='lat' dir='ltr'>consequeretur.</span> <span class='ocrx_word' id='word_1_368' title='bbox 668 3158 750 3209; x_wconf 86' lang='lat' dir='ltr'>Seeus</span> <span class='ocrx_word' id='word_1_369' title='bbox 762 3175 799 3209; x_wconf 86' lang='lat' dir='ltr'>se.</span> <span class='ocrx_word' id='word_1_370' title='bbox 815 3162 843 3209; x_wconf 87' lang='lat' dir='ltr'>in</span> <span class='ocrx_word' id='word_1_371' title='bbox 858 3175 897 3218; x_wconf 88' lang='lat' dir='ltr'>eo,</span> <span class='ocrx_word' id='word_1_372' title='bbox 910 3161 956 3223; x_wconf 84' lang='lat' dir='ltr'>qui</span> <span class='ocrx_word' id='word_1_373' title='bbox 964 3162 1136 3225; x_wconf 74' lang='lat' dir='ltr'>pereprinum</span> <span class='ocrx_word' id='word_1_374' title='bbox 1148 3176 1179 3209; x_wconf 88' lang='lat' dir='ltr'>se</span> 
     </span>
     <span class='ocr_line' id='line_1_37' title="bbox 211 3224 1178 3279; baseline 0.009 -8"><span class='ocrx_word' id='word_1_375' title='bbox 211 3238 303 3273; x_wconf 81' lang='lat' dir='ltr'>errore</span> <span class='ocrx_word' id='word_1_376' title='bbox 317 3224 432 3273; x_wconf 83' lang='lat' dir='ltr'>eredidit</span> <span class='ocrx_word' id='word_1_377' title='bbox 445 3241 507 3275; x_wconf 88' lang='lat' dir='ltr'>esse.</span> <span class='ocrx_word' id='word_1_378' title='bbox 530 3226 580 3277; x_wconf 86' lang='lat' dir='ltr'>Kr.</span> <span class='ocrx_word' id='word_1_379' title='bbox 595 3229 634 3277; x_wconf 86' lang='lat' dir='ltr'>ed.</span> <span class='ocrx_word' id='word_1_380' title='bbox 650 3240 663 3278; x_wconf 79' lang='lat'>2</span> <span class='ocrx_word' id='word_1_381' title='bbox 681 3239 741 3279; x_wconf 86' lang='lat' dir='ltr'>unte</span> <span class='ocrx_word' id='word_1_382' title='bbox 760 3231 867 3279; x_wconf 86' lang='lat' dir='ltr'>Latinam</span> <span class='ocrx_word' id='word_1_383' title='bbox 886 3231 917 3279; x_wconf 95' lang='lat' dir='ltr'>ob</span> <span class='ocrx_word' id='word_1_384' title='bbox 936 3230 960 3279; x_wconf 89' lang='lat' dir='ltr'>id</span> <span class='ocrx_word' id='word_1_385' title='bbox 979 3232 1114 3279; x_wconf 81' lang='lat' dir='ltr'>delendum</span> <span class='ocrx_word' id='word_1_386' title='bbox 1132 3246 1178 3279; x_wconf 87' lang='lat' dir='ltr'>su-</span> 
     </span>
     <span class='ocr_line' id='line_1_38' title="bbox 211 3296 1176 3367; baseline 0.008 -24"><span class='ocrx_word' id='word_1_387' title='bbox 211 3296 325 3358; x_wconf 84' lang='lat' dir='ltr'>spicans,</span> <span class='ocrx_word' id='word_1_388' title='bbox 335 3302 397 3358; x_wconf 81' lang='lat' dir='ltr'>post</span> <span class='ocrx_word' id='word_1_389' title='bbox 411 3298 482 3345; x_wconf 81' lang='lat' dir='ltr'>idiunt</span> <span class='ocrx_word' id='word_1_390' title='bbox 495 3313 518 3346; x_wconf 89' lang='lat' dir='ltr'>o.</span> <span class='ocrx_word' id='word_1_391' title='bbox 534 3297 655 3364; x_wconf 78' lang='lat' dir='ltr'>(uxorem</span> <span class='ocrx_word' id='word_1_392' title='bbox 668 3301 787 3367; x_wconf 81' lang='lat' dir='ltr'>duxerit)</span> <span class='ocrx_word' id='word_1_393' title='bbox 797 3310 821 3351; x_wconf 85' lang='lat' dir='ltr'>et</span> <span class='ocrx_word' id='word_1_394' title='bbox 831 3310 925 3366; x_wconf 81' lang='lat' dir='ltr'>posteo</span> <span class='ocrx_word' id='word_1_395' title='bbox 934 3309 997 3366; x_wconf 81' lang='lat' dir='ltr'>post</span> <span class='ocrx_word' id='word_1_396' title='bbox 1007 3309 1118 3365; x_wconf 81' lang='lat' dir='ltr'>tunquam</span> <span class='ocrx_word' id='word_1_397' title='bbox 1129 3301 1176 3365; x_wconf 88' lang='lat' dir='ltr'>(si)</span> 
     </span>
     <span class='ocr_line' id='line_1_39' title="bbox 211 3367 1178 3437; baseline 0.008 -23"><span class='ocrx_word' id='word_1_398' title='bbox 211 3367 243 3415; x_wconf 86' lang='lat' dir='ltr'>de</span> <span class='ocrx_word' id='word_1_399' title='bbox 258 3381 305 3415; x_wconf 86' lang='lat' dir='ltr'>suo</span> <span class='ocrx_word' id='word_1_400' title='bbox 319 3367 401 3415; x_wconf 84' lang='lat' dir='ltr'>addit.</span> <span class='ocrx_word' id='word_1_401' title='bbox 427 3367 484 3417; x_wconf 87' lang='lat' dir='ltr'>Non</span> <span class='ocrx_word' id='word_1_402' title='bbox 494 3368 587 3432; x_wconf 85' lang='lat' dir='ltr'>probo.</span> <span class='ocrx_word' id='word_1_403' title='bbox 648 3368 669 3429; x_wconf 66' lang='grc'>8)</span> <span class='ocrx_word' id='word_1_404' title='bbox 685 3372 717 3421; x_wconf 92' lang='lat' dir='ltr'>In</span> <span class='ocrx_word' id='word_1_405' title='bbox 736 3370 781 3421; x_wconf 71' lang='lat' dir='ltr'><em>W</em></span> <span class='ocrx_word' id='word_1_406' title='bbox 794 3382 846 3423; x_wconf 85' lang='lat' dir='ltr'>est:</span> <span class='ocrx_word' id='word_1_407' title='bbox 859 3374 883 3423; x_wconf 86' lang='lat' dir='ltr'>lti</span> <span class='ocrx_word' id='word_1_408' title='bbox 898 3375 938 3437; x_wconf 91' lang='lat' dir='ltr'>qui</span> <span class='ocrx_word' id='word_1_409' title='bbox 953 3374 988 3434; x_wconf 88' lang='lat' dir='ltr'>c&#39;;</span> <span class='ocrx_word' id='word_1_410' title='bbox 1003 3374 1044 3422; x_wconf 87' lang='lat' dir='ltr'>his</span> <span class='ocrx_word' id='word_1_411' title='bbox 1057 3375 1102 3437; x_wconf 86' lang='lat' dir='ltr'>qui</span> <span class='ocrx_word' id='word_1_412' title='bbox 1115 3376 1178 3422; x_wconf 85' lang='lat' dir='ltr'>licet</span> 
     </span>
     <span class='ocr_line' id='line_1_40' title="bbox 211 3437 1175 3508; baseline 0.008 -23"><span class='ocrx_word' id='word_1_413' title='bbox 211 3437 269 3486; x_wconf 86' lang='lat' dir='ltr'>edd.</span> <span class='ocrx_word' id='word_1_414' title='bbox 285 3438 335 3486; x_wconf 87' lang='lat' dir='ltr'>hiis</span> <span class='ocrx_word' id='word_1_415' title='bbox 349 3440 394 3501; x_wconf 85' lang='lat' dir='ltr'>qui</span> <span class='ocrx_word' id='word_1_416' title='bbox 407 3454 461 3488; x_wconf 89' lang='lat' dir='ltr'>cum</span> <span class='ocrx_word' id='word_1_417' title='bbox 476 3442 515 3488; x_wconf 86' lang='lat' dir='ltr'>ed.</span> <span class='ocrx_word' id='word_1_418' title='bbox 531 3439 578 3505; x_wconf 65' lang='lat' dir='ltr'>Bp.</span> <span class='ocrx_word' id='word_1_419' title='bbox 589 3451 609 3491; x_wconf 82' lang='lat'>5.</span> <span class='ocrx_word' id='word_1_420' title='bbox 663 3440 684 3507; x_wconf 71' lang='grc'>7)</span> <span class='ocrx_word' id='word_1_421' title='bbox 698 3442 744 3493; x_wconf 87' lang='lat' dir='ltr'>Sic</span> <span class='ocrx_word' id='word_1_422' title='bbox 758 3461 827 3494; x_wconf 86' lang='lat' dir='ltr'>nune</span> <span class='ocrx_word' id='word_1_423' title='bbox 836 3445 993 3495; x_wconf 84' lang='lat' dir='ltr'>Biultmiana</span> <span class='ocrx_word' id='word_1_424' title='bbox 1007 3446 1175 3508; x_wconf 77' lang='lat' dir='ltr'>interpretor.</span> 
     </span>
    </p>
   </div>
   <div class='ocr_carea' id='block_1_5' title="bbox 282 3592 1173 3670">
    <p class='ocr_par' dir='ltr' id='par_1_5' title="bbox 282 3592 1173 3670">
     <span class='ocr_line' id='line_1_41' title="bbox 282 3592 1173 3670; baseline 0.006 -23"><span class='ocrx_word' id='word_1_425' title='bbox 282 3592 307 3663; x_wconf 68' lang='lat'>§-</span> <span class='ocrx_word' id='word_1_426' title='bbox 324 3600 365 3648; x_wconf 81' lang='lat' dir='ltr'>tn.</span> <span class='ocrx_word' id='word_1_427' title='bbox 393 3598 627 3661; x_wconf 70' lang='lat' dir='ltr'>Ofisuprn§.sn⁸.</span> <span class='ocrx_word' id='word_1_428' title='bbox 657 3600 783 3664; x_wconf 61' lang='lat' dir='ltr'>(linus.</span> <span class='ocrx_word' id='word_1_429' title='bbox 848 3600 873 3670; x_wconf 85' lang='lat'>§.</span> <span class='ocrx_word' id='word_1_430' title='bbox 890 3607 931 3654; x_wconf 79' lang='lat' dir='ltr'>ts.</span> <span class='ocrx_word' id='word_1_431' title='bbox 952 3604 1173 3670; x_wconf 63' lang='lat' dir='ltr'>ofisuprasn.</span> 
     </span>
    </p>
   </div>
   <div class='ocr_carea' id='block_1_6' title="bbox 0 0 1280 4000">
    <p class='ocr_par' dir='ltr' id='par_1_6' title="bbox 0 0 1280 4000">
     <span class='ocr_line' id='line_1_42' title="bbox 0 0 1280 4000; baseline 0 2"><span class='ocrx_word' id='word_1_432' title='bbox 0 0 1280 4000; x_wconf 95' lang='lat' dir='ltr'> </span> 
     </span>
    </p>
   </div>
  </div>
 </body>
</html>
