2550 4000
382 216 439 252 ann
458 216 561 253 rusum.
580 197 599 250 I.
620 203 761 257 151-167.
993 201 1054 266 211

78 374 182 413 omnes
192 374 237 414 res
248 357 293 415 uel
304 359 332 414 in
342 375 422 414 unam
440 359 512 415 iorte
523 365 569 414 aut
587 357 664 413 duas.
678 404 684 412 .
698 354 756 416 let
768 356 894 414 Ceterum
911 368 958 415 aut
974 359 1055 433 plena

78 443 162 516 optio
180 443 261 498 datur
274 452 320 498 aut
339 452 464 517 angusta.
492 439 556 500 152.
567 441 650 497 Plena
665 442 704 497 ita
719 443 777 498 dari
791 443 871 507 solet,
889 452 921 499 ut
932 447 1055 518 proxime

77 543 169 600 supra
186 527 312 584 diuinus.
352 537 468 602 angusta
484 528 521 584 ita
541 527 596 582 dari
615 525 702 583 solet:
728 543 836 584 maun
852 544 952 586 vxom
969 545 1054 588 anan

78 604 232 671 ’evocare
245 625 410 672 centonum
424 603 609 671 nvurexsr¹
631 626 734 669 seman
748 627 803 685 no,
823 621 870 668 aut
884 629 1055 672 nvnrexau

77 711 135 754 ms
157 712 210 755 no.
241 693 304 754 1⁶3.
321 695 396 764 Quae
412 699 536 772 optiones
547 695 694 770 plurimum
705 697 818 754 interae
833 696 978 774 differant3
994 714 1055 754 nam

78 798 154 854 quae
176 782 283 855 plenam
305 783 444 854 optionem
466 779 560 850 habet,
583 788 677 854 potest
697 780 781 838 semel
801 790 829 838 et
848 781 891 838 bis
912 790 941 839 et
962 790 1055 839 teret
1136 853 1140 858 1

78 867 192 939 saepius
208 873 329 922 tutorem
345 874 452 940 optare:
476 881 546 940 quae
557 881 629 938 uero
644 872 791 938 angustam
805 865 888 922 habet
903 869 1053 941 optionem,

78 953 104 1005 si
121 949 261 1008 dumtaxat
275 949 358 1006 semel
374 950 436 1008 data
447 959 493 1006 est
515 951 601 1024 optio,
623 951 738 1024 amplius
756 967 840 1025 quam
855 951 941 1008 semel
956 960 1054 1026 optare

77 1051 138 1092 non
153 1043 262 1109 potest3
278 1037 302 1090 si
314 1043 418 1092 tantum
430 1034 481 1106 his,
497 1035 612 1109 amplius
625 1051 705 1107 quam
717 1034 758 1091 bis
775 1036 885 1108 optandi
897 1035 1052 1093 facultatem

76 1135 136 1175 non
152 1118 241 1177 habet.
272 1115 338 1178 154.
355 1119 492 1176 Vocantur
502 1127 593 1176 autem
608 1119 647 1190 hi,
663 1120 710 1192 qui
722 1121 878 1176 nominatim
891 1128 1053 1178 testamento

77 1212 187 1261 tutores
200 1204 319 1274 dantur,
335 1203 436 1275 rtatim,
460 1205 505 1278 qui
520 1220 552 1260 er
569 1204 681 1276 optione
696 1212 856 1273 sumuntur,
872 1206 968 1278 optiui.

144 1284 207 1349 155.
230 1287 333 1356 Quibus
349 1295 513 1344 testamento
529 1286 639 1362 quidem
656 1295 732 1343 tutor
746 1287 824 1345 datus
840 1305 895 1345 non
910 1291 956 1361 ait,
971 1291 1003 1345 iis
1019 1303 1052 1346 ex

10 1365 456 1451 13111111111111’(1αὸιιῐιι1·1ι111)2
485 1373 576 1448 agnati
598 1380 664 1428 sunt
692 1380 815 1444 tutores,
844 1374 891 1445 qui
919 1382 1053 1431 uocantur

79 1457 206 1531 legitimi.
243 1453 395 1516 laeena
416 1466 504 1514 autem
527 1458 619 1531 agnati
642 1473 692 1530 per
714 1457 799 1513 uirilis
815 1471 896 1514 serus
918 1475 1051 1532 personas

79 1543 247 1616 cognatione
262 1543 363 1612 iuncti,
387 1543 465 1614 quasi
480 1558 494 1597 a
509 1550 587 1615 patre
602 1543 721 1614 cognati,
746 1540 832 1598 ueluti
854 1541 940 1600 irater
954 1543 1051 1600 eodem

78 1636 157 1700 patre
172 1635 265 1698 natus,
289 1626 379 1682 iratris
395 1624 466 1682 filius
481 1641 604 1700 neposne
621 1641 653 1682 er
668 1642 713 1698 eo,
736 1627 801 1682 item
824 1635 939 1701 patruus
954 1635 983 1683 et
1004 1644 1051 1701 pa-

79 1711 135 1766 trui
151 1704 156 1788 Ι
173 1709 244 1768 filius
261 1718 289 1768 et
304 1727 391 1784 nepos
406 1727 439 1768 ex
453 1727 497 1768 eo.
526 1719 554 1767 at
569 1710 606 1773 hi,
628 1712 676 1783 qui
691 1727 741 1784 per
756 1710 876 1767 seminini
890 1728 972 1768 serus
989 1729 1049 1785 per·
1067 1723 1110 1776 43.

78 1812 160 1851 sonas
184 1798 348 1870 cognatione
370 1796 593 1869 coniunguntur,
616 1812 673 1851 non
695 1802 761 1850 sunt
782 1797 890 1869 agnati,
913 1796 962 1852 sed
984 1789 1049 1852 alias
1063 1791 1080 1830 ²·
1096 1800 1113 1830 ⁸·

79 1880 197 1936 naturali
212 1882 272 1938 iure
284 1881 402 1953 cognati.
434 1881 525 1954 itaque
537 1882 609 1936 inter
620 1879 786 1936 auunculum
802 1887 829 1936 et
844 1882 948 1936 sororis
964 1879 1050 1936 lilium

78 1981 134 2023 non
150 1966 257 2039 agnatio
274 1974 326 2037 est,
346 1964 394 2022 sed
415 1964 553 2037 cognatio.
584 1965 649 2021 item
670 1966 775 2035 amine,
796 1974 957 2023 materterae
976 1964 1050 2023 filius

79 2068 136 2107 non
151 2060 194 2107 est
208 2052 274 2108 mihi
289 2058 416 2123 agnatus,
440 2058 482 2105 set
497 2057 643 2124 cognatus,
665 2058 694 2105 et
708 2051 824 2106 inuicem
846 2045 973 2107 'scilicet3
995 2068 1048 2125 ego

12 2170 14 2175 ,
78 2135 119 2192 illi
134 2135 229 2191 eodem
244 2137 304 2193 lure
320 2136 484 2209 coniungor,
507 2136 568 2207 quia
584 2134 630 2205 qui
646 2142 806 2206 nascuntur,
822 2137 907 2207 patris
921 2151 978 2191 non
993 2151 1049 2191 ma·

80 2221 129 2276 tris
150 2218 275 2277 iamillam
297 2227 462 2293 sequuntur.
499 2213 561 2278 157.
578 2217 632 2274 Sed
649 2217 712 2273 olim
729 2217 846 2291 quidem,
871 2228 1001 2291 quantum
1016 2218 1049 2274 ad
1110 2226 1116 2236 ’

79 2305 169 2379 legent
184 2318 231 2362 xrr
253 2302 403 2361 tabularum
420 2305 526 2374 attinet,
550 2304 631 2359 etiam
649 2303 764 2359 laminae
782 2312 898 2378 agnatos
914 2302 1049 2361 habebant

81 2396 198 2447 tutores.
229 2392 280 2447 secl
294 2396 388 2462 postea
403 2388 446 2445 ier
458 2387 567 2444 Claudia
578 2388 633 2443 lata
646 2396 699 2460 est,
715 2404 784 2462 quae
800 2387 874 2463 quod
886 2389 919 2444 ad
935 2388 1047 2447 seminas

40 2470 43 2475 '
82 2476 187 2539 attinet,
211 2474 310 2531 tutelas
333 2464 426 2551 (illas)
449 2472 575 2529 sustulit:
602 2475 694 2545 itaque
717 2474 853 2530 masculus
876 2474 985 2548 quidem
1007 2476 1052 2530 in*
1120 2526 1126 2535 .

78 2610 158 2670 pleno
172 2610 225 2657 siae
235 2615 356 2673 angusta,
371 2608 440 2672 qaod
452 2608 592 2657 discrimen
605 2606 687 2657 Gaius
695 2607 738 2658 iric
750 2610 862 2659 nondam
872 2608 982 2675 spectat)
992 2617 1045 2659 sta·

83 2686 162 2737 luere,
182 2686 267 2727 atrum
281 2686 390 2729 tutorem
406 2680 553 2743 generalem
567 2695 601 2728 aa
623 2680 650 2727 ira
664 2682 783 2745 singalas
798 2680 923 2743 quosdam
937 2695 980 2728 rea
993 2682 1047 2729 sive

82 2752 171 2812 plures
184 2757 276 2813 optare
287 2740 358 2800 'tretia
391 2748 422 2799 Ut
436 2765 494 2807 rrae,
510 2750 549 2798 ed,
564 2748 614 2799 Kr.
629 2763 650 2801 a.
723 2747 743 2815 ¹)
759 2750 879 2799 dumtaxat
897 2751 983 2799 tutoris
1003 2765 1047 2812 op-

84 2820 170 2869 tionem
187 2821 213 2869 0.
228 2828 253 2870 et
266 2820 315 2886 Bp.
330 2818 369 2871 ed.
384 2832 405 2873 5.
434 2821 579 2871 divellenda
598 2837 620 2869 υ.
641 2822 752 2870 duntaxat
771 2836 787 2869 a
805 2836 852 2871 aaa
872 2820 949 2870 acrba
960 2822 1006 2882 ,ita
1020 2828 1048 2869 nt

79 2893 164 2955 poetic
182 2899 279 2942 tantam
294 2894 368 2950 tieem
387 2908 434 2941 nec
449 2892 523 2941 aliud
535 2892 611 2942 docet
620 2892 709 2941 Hand.
720 2892 756 2941 ad
768 2890 905 2941 straellin.
920 2891 948 2940 ll.
960 2907 988 2956 p.
998 2903 1046 2947 aaa.

85 2958 106 3025 ²)
121 2962 240 3013 Monente
255 2962 374 3013 Pdscltm.
388 2964 512 3028 supplevi.
534 2963 572 3027 Cf.
592 2974 678 3025 1‚1att.
749 2958 769 3026 8)
784 2962 877 3014 scilicet
895 2964 916 3011 si
937 2964 962 3012 0.
982 2963 1046 3027 (pro

84 3034 105 3081 si
117 3036 204 3095 potius
218 3035 253 3083 sic
273 3034 299 3083 V
302 3030 329 3093 aa,
344 3043 372 3084 at
386 3035 549 3098 manifestius
563 3042 698 3097 appareat,
713 3041 827 3085 notatam
837 3033 939 3084 verbum
953 3035 1047 3085 scilicet

84 3103 193 3154 librario
209 3106 304 3167 fraudi
314 3106 409 3173 faisse)
424 3106 491 3155 ande
506 3104 624 3157 Poenam.
640 3108 688 3169 ci:
707 3113 731 3156 et
749 3106 860 3155 inuicem.
889 3107 983 3157 scilicet
1001 3108 1045 3156 etsi

84 3189 127 3237 ego
142 3174 175 3224 itti
189 3174 312 3241 (agnatus
329 3194 392 3236 sam,
411 3193 462 3228 noa
481 3184 565 3226 tamen
581 3178 639 3240 filio
658 3175 740 3240 illias)
760 3177 844 3226 eodem
863 3178 1045 3229 11111610.οοί-

75 3249 134 3323 'lato
151 3245 261 3311 Tlteoplt.
276 3249 294 3297 l.
309 3260 343 3301 15.
363 3251 386 3310 ξ.
402 3262 421 3298 1.

151 3367 176 3439 ξ.
188 3374 247 3424 154.
260 3372 298 3435 Cf.
311 3372 367 3437 Uip.
376 3384 410 3433 11,
420 3383 454 3422 14.
504 3367 529 3439 ξ.
537 3372 636 3421 1oo.=
639 3387 683 3433 pr.
694 3370 760 3421 tae
770 3374 818 3437 leg.
828 3389 888 3438 agn.
899 3379 945 3421 tut.
956 3370 988 3435 (1,
999 3367 1044 3434 1⁶).

83 3443 121 3505 Cf.
136 3442 189 3507 Uip.
200 3456 265 3505 11‚e.
317 3439 343 3511 §-
359 3446 418 3494 156.
429 3443 497 3503 ==§.
508 3454 527 3491 1.
545 3441 608 3491 Lib.
624 3442 686 3493 Iar.
701 3442 734 3490 D.
744 3443 777 3492 de
787 3446 835 3508 teg.
843 3450 889 3492 tot.
901 3443 946 3506 (aa,
955 3438 988 3504 1).
1005 3440 1043 3504 Cf.

86 3514 139 3577 Uip.
151 3525 215 3576 11,1.
230 3514 328 3564 Isidor.
342 3513 385 3563 Or.
396 3526 417 3576 e,
428 3526 447 3563 e.
464 3514 503 3574 §a
515 3527 535 3563 1.
546 3525 566 3562 a.
631 3509 656 3580 ξ.
674 3515 732 3563 157.
750 3512 789 3577 Cf.
804 3515 828 3574 §-
840 3524 887 3563 111.
913 3511 967 3573 Uip.
979 3523 1013 3573 11,
1022 3524 1044 3561 a.

82 3585 112 3634 L.
124 3598 143 3635 a.
161 3584 206 3635 liz.
219 3586 244 3635 0.
256 3586 288 3634 de
298 3592 343 3634 tat.
355 3593 379 3634 et
389 3600 445 3635 cur.
456 3600 494 3634 cr.
504 3582 535 3648 (a,
547 3585 589 3655 11].
605 3584 637 3631 L.
648 3596 669 3635 a.
687 3584 712 3633 0.
724 3584 756 3632 de
766 3585 814 3647 leg.
825 3590 871 3633 tat.
882 3582 913 3647 (a,
923 3581 969 3646 aa).

840 3666 895 3717 14*
