2550 4000
633 1423 747 1490 GAII

354 1607 636 1676 INSTITVTION
643 1608 706 1674 VM
728 1607 846 1676 IVRIS
868 1607 1027 1676 CIVILIS

440 1793 702 1850 COMMENTARII
725 1793 938 1858 QVATTVOR.

647 1989 737 1998 ι...-

483 2151 738 2205 (commem
754 2143 888 2202 mm)

129 2240 183 2359 Ὗ
272 2280 292 2336 l.
323 2291 356 2338 De
376 2292 428 2339 iure
448 2290 514 2339 ciuili
533 2296 557 2338 et
575 2271 706 2341 naturali.¹
745 2275 768 2337 1.
793 2278 896 2335 Omnes
913 2280 1034 2351 populi,
1060 2282 1111 2352 qui
1136 2282 1179 2335 le-

106 2382 131 2431 c,
146 2347 290 2438 Venffl'btss
318 2372 345 2419 et
373 2366 500 2420 moribus
522 2370 679 2438 reguntur,
703 2366 814 2435 partim
835 2380 887 2420 euo
906 2367 1045 2435 proprio,
1067 2367 1180 2435 partim

208 2452 350 2505 communi
364 2452 485 2505 omnium
500 2448 643 2505 hominum
660 2452 724 2504 iure
739 2455 876 2506 utuntur:
898 2466 965 2504 nam
987 2450 1065 2522 quod
1085 2441 1179 2522 quis2-

209 2548 262 2606 que
284 2533 402 2607 populus
425 2534 485 2608 ipse
507 2531 559 2588 sibi
581 2535 622 2589 ius
638 2534 792 2605 constituit,
815 2532 843 2588 id
860 2533 946 2607 ipsius
962 2526 1119 2608 preprium³
1134 2541 1179 2588 est

209 2624 380 2690 uocaturque
403 2619 445 2673 ius
469 2616 565 2688 ciuile,
588 2619 666 2690 quasi
688 2619 730 2674 ius
753 2619 895 2691 preprium
917 2611 1072 2682 ⁴eiuitetis;
1102 2616 1178 2689 quod

208 2718 275 2757 uero
297 2701 426 2758 naturalis
447 2703 515 2758 ratio
539 2702 611 2758 inter
628 2717 722 2758 omnes
745 2702 869 2758 homines
884 2703 1037 2775 constituit,
1059 2702 1086 2758 id
1104 2700 1178 2775 apud

208 2802 302 2843 omnes
324 2786 440 2861 populos
462 2802 597 2861 peraeque
618 2786 773 2844 custoditur
796 2796 964 2860 uocaturque
979 2788 1021 2843 ius
1043 2787 1177 2861 gentium,

208 2872 284 2944 quasi
306 2887 359 2943 quo
375 2873 434 2927 iure
451 2888 545 2928 omnes
566 2881 665 2946 gentes
681 2879 805 2927 utuntur.
842 2864 924 2950 ‘(et)⁶
944 2871 1065 2945 populus
1084 2872 1178 2944 itaque

281 3068 301 3138 ¹)
316 3073 326 3121 1
341 3072 370 3121 de
385 3072 436 3121 iure
451 3072 517 3121 ciuili
530 3079 555 3121 et
568 3079 609 3122 nat
623 3074 784 3122 correctorie
801 3087 879 3122 manu
903 3067 964 3130 Μ·
986 3087 1019 3121 ne
1041 3087 1076 3121 ex
1094 3078 1176 3122 mente

207 3143 309 3207 quidem
331 3142 397 3194 Gaii.
453 3138 474 3207 ²)
492 3142 581 3208 Suppl.
596 3158 630 3193 ex
649 3144 681 3195 L.
695 3156 715 3195 9.
731 3144 763 3194 Ι).
778 3144 820 3194 eit.
878 3139 899 3208 ³)
919 3144 1022 3193 civitatis
1037 3144 1097 3195 add.
1111 3142 1175 3194 Just.

207 3214 270 3265 Inst.
285 3221 310 3264 et
324 3214 384 3279 Diq.
439 3210 462 3279 ⁴)
476 3216 561 3278 ipsius,
576 3216 646 3279 quod
658 3215 682 3266 Ιι.
694 3217 709 3265 l.
716 3215 824 3278 priores
837 3214 970 3265 addebant
982 3215 1040 3265 edd.
1055 3230 1090 3263 eoe
1103 3214 1175 3273 Inet„

207 3285 278 3336 abest
297 3301 313 3335 a
337 3282 387 3337 1⁷¹².
443 3283 465 3351 ⁶)
483 3284 608 3351 supplevi
626 3300 661 3334 ex
679 3285 745 3337 Inet.

207 3411 421 3425 -,--.

279 3474 305 3545 ξ.
322 3480 345 3527 1.
361 3499 396 3519 =
410 3478 433 3539 ξ.
449 3490 469 3527 1.
493 3476 560 3526 Lde
575 3476 633 3524 iure
648 3482 700 3527 nat.
715 3474 746 3540 (1,
760 3474 793 3541 2),
807 3476 838 3527 L.
852 3489 872 3527 e.
891 3477 922 3527 D.
936 3477 969 3526 de
983 3478 1063 3527 instit.
1078 3483 1103 3525 et
1117 3478 1175 3524 iure

206 3546 285 3615 (1,1).
324 3548 361 3611 Cf.
382 3548 426 3597 Fr.
446 3546 546 3596 Dositlz.
566 3558 584 3595 1.
608 3545 640 3595 L.
659 3558 671 3597 1
687 3562 730 3610 pr.
750 3547 781 3598 D.
799 3548 831 3596 de
849 3563 905 3611 aeq.
924 3563 976 3598 rer.
994 3547 1059 3598 dom.
1078 3545 1124 3612 (41,
1143 3545 1173 3611 1).
