2550 4000
227 210 293 275 212
505 231 564 267 nan
581 231 677 266 nrm.
694 211 730 264 tt
748 217 900 266 ant-nee.

228 359 292 420 m
304 361 358 418 Seri
374 363 505 416 diuersae
514 360 632 416 scloloe
642 368 768 415 meteres
778 367 886 431 putant,
897 359 979 414 ctiam
989 366 1122 413 extraneo
1135 375 1185 430 per

230 447 445 519 praeceptionem
455 444 540 518 legari
553 460 634 516 posse
644 442 770 517 proinm,
783 443 850 497 acci
860 443 899 497 ita
912 443 1061 498 scribatur:
1076 457 1183 500 nrt-rus

229 545 371 587 monimen
386 542 523 585 emenone
538 542 664 597 caereo,
674 541 844 600 mano
857 525 1054 583 dicaam
1064 525 1182 597 syllaba3

229 614 347 687 ideoque
360 629 410 686 per
424 611 631 668 uindicationem
646 627 703 666 can
714 625 775 666 m
788 610 906 682 legatam
917 609 1019 664 ultimi:
1034 625 1106 682 qnae
1121 625 1181 664 sen·

231 698 314 753 tentia
338 696 438 751 dicitur
462 695 517 750 diui
544 694 669 750 Hadriani
698 695 898 750 constitutione
927 693 1084 748 confirmata
1114 709 1181 748 esse.

229 776 297 837 222.
320 779 473 835 Secundum
488 779 556 834 banc
570 780 656 850 igitur
675 779 830 850 opinionem
849 778 874 831 si
889 793 920 832 ea
935 793 981 831 ret
994 779 1105 832 exiere
1120 775 1181 843 nm·

230 865 323 920 litium
344 863 465 919 deiuncti
486 862 585 934 inerit,
605 869 734 934 potesta
753 861 886 934 legatario
905 859 1052 930 uindicari,
1078 863 1141 916 siue
1160 864 1180 916 is

231 963 301 1002 unos
315 963 348 1001 ex
363 945 509 1002 heredibus
523 948 569 1014 sit,
584 947 645 1000 siue
658 953 816 1012 crtnuens3
836 952 881 1000 set
894 945 919 999 si
932 946 962 999 in
981 943 1061 999 bonis
1076 953 1181 1000 tantum

230 1032 371 1087 testatoris
386 1029 484 1098 luerit,
503 1037 630 1085 extraneo
650 1029 759 1101 quidem
779 1045 814 1084 ex
833 1035 946 1084 senatus
965 1028 1094 1083 consulto
1116 1029 1180 1084 utile

230 1117 282 1172 erit
296 1114 432 1186 legatum,
447 1113 540 1168 heredi
555 1129 620 1168 uero
635 1113 751 1167 familiae
765 1111 959 1169 herciscundae
978 1112 1077 1168 iudicis
1090 1109 1181 1168 oifleio

230 1197 423 1273 praestabitnr;
443 1196 540 1270 quodsi
559 1195 636 1252 nullo
653 1198 714 1252 inre
733 1196 817 1252 luerit
834 1195 993 1265 testatoris,
1014 1205 1069 1250 tam
1088 1196 1181 1252 bereii

231 1299 309 1356 qnam
330 1291 458 1337 extraneo
480 1297 512 1336 er
536 1289 647 1335 senatus
672 1279 801 1336 consulto
823 1280 891 1336 utile
915 1281 977 1334 erit.
1025 1275 1096 1336 m.
1120 1280 1181 1336 Siue

231 1377 321 1422 tamen
336 1363 496 1438 heredibus,
511 1364 660 1420 secundnm
673 1373 831 1420 nosmorum
846 1365 1012 1437 opinionem,
1026 1366 1089 1420 siue
1102 1367 1180 1419 etiam

230 1450 380 1518 extrancis,
404 1448 550 1503 secundum
572 1448 680 1503 illorum
700 1449 871 1520 opinionem,
895 1446 1004 1503 duobus
1023 1447 1181 1520 pluribusne

230 1532 323 1588 eadem
338 1549 382 1587 res
396 1532 558 1587 coniunctim
579 1540 625 1586 aut
643 1531 799 1588 disiunctim
818 1532 911 1605 legata
929 1532 1029 1603 luerit,
1050 1532 1155 1606 singuli
1175 1526 1179 1608 1

161 1622 222 1671 112.
230 1626 320 1690 partes
336 1616 433 1671 babere
447 1614 555 1671 debent.

294 1705 329 1754 ld
348 1705 423 1767 legem
438 1704 577 1754 Falcidiam.
613 1695 683 1755 224.
706 1699 759 1754 Sed
774 1698 840 1754 olim
855 1698 966 1772 quidem
979 1698 1080 1756 lioebat
1095 1707 1179 1755 totum

231 1785 421 1858 patrimonium
436 1784 534 1858 legatis
549 1793 630 1857 atque
645 1781 814 1838 libertatibus
827 1799 960 1856 erogare,
974 1799 1025 1838 nee
1039 1785 1179 1857 quicquam

231 1868 324 1924 heredi
338 1868 492 1942 relinquere
507 1877 693 1940 praeterquam
708 1868 787 1922 inane
798 1883 897 1923 nomeu
908 1867 1030 1929 beredis;
1045 1870 1132 1942 idque
1142 1868 1180 1924 ier

230 1968 277 2009 111
298 1950 446 2007 tabularum
468 1954 624 2026 permittere
644 1949 799 2017 uidebatur,
825 1967 879 2025 qna
897 1960 1025 2023 cauetur,
1049 1961 1083 2007 ut
1108 1951 1180 2026 qnod

232 2036 347 2109 quisque
362 2036 395 2091 de
409 2053 439 2093 re
453 2053 502 2091 sua
518 2045 633 2092 testatus
648 2044 730 2106 esset,
745 2035 772 2090 id
787 2044 876 2091 ratum
891 2036 1046 2107 baberetur,
1062 2037 1106 2092 iris
1122 2053 1181 2092 ner·

230 2120 285 2176 bis:
307 2119 359 2176 ‘nti
373 2120 486 2195 legassii
500 2136 565 2177 suae
580 2124 635 2190 rei,
656 2121 694 2175 ita
715 2121 758 2174 ins
778 2118 872 2175 θείατ’
887 2114 1002 2193 ’qnare¹
1024 2121 1071 2194 qui
1086 2123 1181 2192 scripti
1257 2147 1259 2200 ζ

229 2203 344 2261 heredes
359 2212 444 2272 erent,
461 2204 494 2260 ab
508 2204 659 2259 hereditate
669 2219 699 2258 se
709 2202 887 2275 abstinebant,
901 2213 929 2260 ct
945 2203 1045 2260 idcirco
1056 2204 1180 2277 plerique

229 2288 350 2344 intestati
365 2288 556 2344 moriebantur
599 2282 667 2345 225.
689 2286 782 2359 ltaque
802 2286 853 2341 lata
873 2296 916 2343 cst
933 2287 976 2343 lex
997 2286 1097 2363 Furia,
1120 2306 1180 2362 qna,
1257 2300 1259 2346 i

231 2374 358 2443 exceptis
370 2374 494 2444 personis
509 2369 683 2445 quibusdum,
703 2373 802 2427 ceteris
816 2370 878 2444 plus
898 2372 962 2427 mile
979 2371 1086 2427 assibus
1107 2372 1179 2446 lega·
1170 2369 1259 2447 perp*

231 2461 321 2509 torum
336 2456 444 2509 nomine
459 2456 590 2510 mortisue
604 2471 684 2511 eausa
699 2470 796 2529 capere
809 2456 971 2552 permissum
981 2472 1037 2511 non
1048 2465 1102 2513 est.
1135 2456 1180 2512 sed

232 2544 260 2593 et
274 2536 345 2593 baec
359 2536 401 2592 lex
416 2554 470 2593 non
486 2538 616 2612 perfecit,
632 2538 704 2612 quoti
719 2537 821 2594 uoluit:
841 2540 888 2611 qui
909 2540 980 2594 enim
1002 2538 1079 2595 uerbi
1095 2542 1180 2614 gratia
1257 2610 1259 2613 y

232 2621 351 2694 quinque
366 2618 467 2677 milium
483 2622 556 2678 aeris
571 2624 760 2696 patrimonium
781 2621 911 2692 habebat,
932 2631 1040 2696 poterat
1060 2627 1179 2697 quinque
1257 2663 1259 2682 ÷

231 2704 383 2761 hominibus
398 2706 511 2779 singulis
533 2707 647 2763 milenos
668 2722 742 2762 asses
756 2704 872 2779 legando
889 2714 975 2761 totum
990 2708 1178 2779 patrimonium
1257 2697 1259 2746 ἶ

230 2805 352 2863 erogare.
390 2784 459 2847 226.
483 2790 546 2846 ideo
561 2800 658 2864 postea
672 2790 726 2845 lata
742 2797 783 2845 est
799 2790 841 2845 lex
858 2790 988 2861 Voconia,
1003 2808 1058 2863 qna
1073 2801 1178 2848 cantum
1257 2795 1259 2804 '

304 2953 323 3023 ¹)
337 2973 381 3021 qne
395 2960 574 3022 superscripta
588 2974 601 3007 a
615 2960 718 3007 litterae
731 2974 746 3022 q
759 2974 808 3009 nec
826 2961 879 3009 ulio
897 2966 973 3009 notae
990 2962 1067 3024 siquo
1086 2962 1179 3009 litteris

231 3042 259 3076 ne
273 3028 362 3078 addito
381 3028 408 3076 V
409 3024 441 3090 ’ῖς
456 3029 615 3093 quomobrem
629 3044 698 3079 nune
712 3045 768 3079 cnm
782 3032 877 3079 celeria
886 3031 943 3080 edd.
953 3031 1089 3079 emendavi
1097 3046 1177 3095 quare.

301 3200 326 3272 §-
341 3206 400 3254 222.
428 3204 466 3267 Os.
487 3206 573 3267 §eno
589 3217 635 3257 reo.
650 3217 697 3256 ior.
774 3201 799 3273 ς.
814 3208 874 3257 223.
902 3205 1177 3270 (122ρὶ22121.

230 3275 262 3325 L.
278 3290 321 3324 un.
335 3276 358 3336 §-
369 3287 402 3324 11.
419 3274 445 3323 0.
460 3275 492 3323 de
506 3276 596 3325 eadee.
607 3274 639 3340 (u,
649 3274 694 3341 nt).
744 3271 770 3343 ἓ
781 3279 840 3326 224.
858 3276 896 3338 Cf.
904 3292 948 3339 pr.
962 3275 985 3326 1.
1000 3278 1032 3327 de
1042 3279 1098 3343 lepe
1109 3278 1176 3327 Folo.

230 3344 262 3411 (2,
277 3343 313 3411 en)
328 3361 384 3395 eom
402 3344 510 3408 ibeopb.
525 3347 559 3394 uti
574 3344 683 3413 legessit]
698 3345 733 3409 es.
743 3347 857 3397 Dirkaeu
874 3346 936 3395 XII
945 3346 1012 3396 labb.
1026 3360 1048 3405 5,
1057 3360 1079 3398 a.
1094 3347 1179 3399 Senon

226 3431 254 3479 p.
269 3426 316 3467 117.
379 3411 404 3483 ξ.
420 3418 480 3466 225.
506 3416 545 3478 Os.
560 3415 624 3466 luet.
638 3424 663 3465 et
680 3416 789 3480 Theopb.
804 3420 821 3467 l.
836 3433 858 3467 c.
873 3418 946 3480 infra
960 3430 982 3476 t,
996 3429 1030 3469 ea
1055 3418 1110 3482 Uip.
1124 3432 1177 3479 1,a.

230 3496 262 3537 28,
279 3496 299 3535 t.
324 3485 368 3534 Fr.
388 3486 446 3535 Vni.
460 3497 508 3537 ool.
538 3486 616 3535 Varr.
633 3488 729 3551 fropm.
751 3487 794 3537 lib.
809 3487 861 3537 III.
876 3489 908 3537 de
922 3490 964 3537 ott.
977 3503 1039 3551 pop.
1056 3488 1126 3539 Rom.
1141 3491 1178 3539 ed.

230 3552 289 3617 Bip.
304 3569 332 3617 p.
352 3566 399 3605 111.
472 3551 497 3622 §
517 3558 576 3606 226.
603 3556 641 3618 Cf.
661 3556 725 3605 Inst.
744 3564 769 3607 et
791 3557 900 3621 meopt.
919 3560 936 3607 l.
951 3574 974 3608 c.
997 3559 1045 3608 Lex
1064 3556 1178 3625 Voconia]
