2550 4000
99 147 101 150 Ι
203 208 266 273 168
635 225 721 262 cina.

202 348 364 413 editionem,
377 348 541 468 propediem
555 348 668 425 quidem
680 349 710 401 in
721 347 865 416 publicum
874 347 1050 425 proditurum
1060 361 1153 415 apera-

201 416 293 480 batur,
312 431 366 492 nec
385 431 477 493 ⁶amen
495 416 652 484 prodierat,
675 430 739 494 nec·
751 415 864 492 quando
880 416 1057 491 proditurum
1074 415 1155 490 esset,

203 486 290 603 {ertql
292 498 402 604 areegczrt}1
404 485 530 602 <poterat.
566 482 647 547 Quod
663 482 819 536 subsidium
836 483 869 536 ut
886 483 921 535 ab
940 481 1076 546 omnibus,
1094 497 1153 548 qur·

422 551 451 603 ia
468 550 546 604 cordi
562 551 636 626 sunt,
654 565 710 618 quo
728 550 833 603 diutius
850 551 1042 618 exspectatur,
1061 563 1095 601 eo
1111 562 1154 600 ar·
1246 578 1247 601 t

204 617 315 670 <lentius
333 616 522 682 desideratur,
544 617 643 681 itaer,
662 617 711 685 qni
733 614 797 669 Gaii
814 617 1008 670 Institutiones
1029 613 1154 669 editurus
1246 640 1247 665 t

204 685 256 750 est,
274 699 386 761 prorsus
404 684 591 738 neceesarium
608 682 699 736 rideri
717 683 810 741 debet.
843 683 885 736 Ex
906 684 950 737 his
972 684 1048 736 enim

205 750 259 804 viri
275 769 305 804 in
321 750 535 830 iiliffiffldss.
548 766 594 804 rec
653 750 835 870 canendisque
855 751 999 827 scripturis
1018 721 1155 803 deletrciis

205 819 594 895 exercitatissrmrmgenram,
628 818 773 895 desatque
805 816 1155 885 octrmaepondentquae-
1247 868 1248 873 ,

205 883 460 963 que-quibusdam·
473 885 562 952 ipsius
586 885 743 953 apographi
767 884 934 964 Veronensis
959 882 1156 961 speciminibus

205 967 307 1073 titt
313 951 1156 1093 tilttttttlittt05t”tttl1t¹ttti¹ttsitt

207 1085 356 1150 latuerant,
375 1085 411 1140 ab
430 1101 463 1139 eo
482 1085 557 1140 lecta
575 1103 643 1149 csse,
662 1085 712 1140 sed
730 1087 816 1140 etiam
832 1086 915 1155 plura
936 1085 1080 1141 oculorum
1096 1099 1156 1137 acre

207 1153 249 1206 ita
266 1153 370 1206 certius
388 1153 501 1222 cognita
518 1169 551 1206 ac
568 1153 700 1218 definita,
722 1155 754 1208 ut
771 1170 840 1222 quos
857 1153 899 1208 illi
916 1153 945 1206 in
962 1153 1079 1206 schedas
1095 1167 1157 1204 suas

206 1219 363 1274 retulerant
383 1219 541 1274 litterarum
564 1220 665 1274 ductus
687 1221 843 1289 quibusque
866 1223 905 1286 ei,
927 1219 979 1286 qui
1000 1220 1159 1274 coniectura

206 1287 321 1340 lacunas
339 1286 448 1355 replere
461 1288 623 1353 conabatur,
643 1287 734 1342 adhuc
751 1288 887 1342 utendum
899 1289 968 1351 erat,
985 1287 1158 1356 inexspecta

206 1360 266 1408 tum
284 1354 314 1406 in
331 1354 446 1407 modam
463 1355 654 1423 corrigantur,
679 1356 709 1408 et
725 1371 799 1409 nunc
816 1353 943 1419 demum,
961 1353 1029 1423 quid
1045 1367 1158 1422 quoque

170 1476 174 1484 ,
206 1419 267 1474 loco
290 1421 424 1488 scriptum
448 1437 508 1476 esec
550 1423 656 1476 otuerit
676 1422 723 1475 rel
744 1438 813 1487 non,
834 1423 897 1475 tuto
920 1426 1044 1476 statuere
1065 1420 1157 1474 hosat.

207 1487 306 1564 Itaque
323 1487 377 1541 hoc
394 1487 525 1542 adiamen
574 1488 724 1542 destitutus
740 1488 851 1543 nonani
868 1490 1035 1544 necessitate
1048 1486 1160 1542 coactus

207 1555 312 1608 invrtus
335 1557 421 1623 atque
444 1555 571 1624 ingratiis
593 1555 629 1608 ad
652 1556 809 1610 iterandam
834 1556 907 1610 banc
934 1557 1092 1612 editionem
1112 1552 1159 1607 ad-

242 1638 319 1676 essus
338 1639 398 1676 sum
428 1623 520 1677 animo
539 1622 648 1676 scilicet
664 1623 845 1693 prospiciens,
862 1638 928 1676 mox
945 1624 1014 1689 fore,
1031 1623 1158 1689 atquae·

228 1705 273 1742 am
290 1690 319 1741 in
338 1704 372 1742 ea
388 1662 583 1744 desiderentur
599 1689 713 1744 aliunde
730 1690 863 1759 petenda,
881 1689 951 1754 alia,
968 1707 1004 1744 ex
1020 1687 1161 1759 prioribus

209 1755 379 1810 editionibus
390 1757 510 1822 retenta,
523 1757 689 1812 certioribus
701 1760 731 1812 et
741 1757 906 1812 melioribus
916 1758 1016 1812 cedere
1029 1756 1158 1810 debeant.

209 1823 340 1878 Ceterum
357 1823 411 1876 hae
428 1823 542 1876 fortuna
558 1824 661 1878 adduci
678 1841 723 1878 me
735 1841 833 1892 passus
845 1840 901 1878 non
914 1842 985 1891 sum,
1003 1826 1037 1878 nt
1047 1822 1160 1877 interim

209 1891 323 1944 omnino
340 1891 452 1944 tantum
469 1891 563 1958 priora
579 1893 746 1959 repeterem.
775 1889 882 1946 Saltem
900 1907 972 1958 quae
989 1891 1079 1960 potui,
1096 1907 1161 1958 sup·

208 1957 286 2027 plevi
308 1957 337 2013 ot
353 1957 503 2013 emendari
525 1959 715 2037 maximeque,
739 1975 812 2027 quae
834 1975 868 2014 ex
885 1957 1073 2014 Studemundi
1093 1973 1162 2027 apo-

208 2025 316 2146 grapho
335 2026 382 2079 vel
397 2025 459 2094 ipso
477 2027 608 2093 (maxime
630 2044 661 2080 m
684 2026 913 2096 ‘Mittheilungen
930 2029 1037 2147 ιιιιῇιὲιι.
1054 2024 1163 2079 Inhalts

292 2091 495 2161 Palimpsesten
514 2092 540 2147 d.
553 2092 651 2147 Gaius’
668 2094 742 2163 Lips.
756 2096 833 2162 1869)
851 2094 897 2148 rel
915 2094 977 2148 aliis
1015 2094 1050 2148 de
1069 2092 1163 2162 dignis

209 2159 321 2228 publice
332 2161 506 2280 privatimve
525 2160 795 2238 communicantibus
811 2160 842 2214 in
853 2162 984 2238 notitiam
996 2175 1163 2280 meam-ger·

209 2242 353 2291 veneran,
371 2244 401 2279 m
418 2242 478 2281 rem
495 2243 587 2289 meam
600 2232 736 2282 converti.
764 2226 827 2292 Qua
838 2230 947 2283 ratione
958 2229 1036 2282 certe
1049 2244 1097 2296 qm
1117 2243 1163 2280 us-

209 2293 360 2365 damloois
381 2294 451 2347 haec
474 2294 562 2347 editio
580 2294 626 2347 vel
643 2294 811 2363 locupletior
828 2296 873 2350 vel
892 2294 1067 2350 emendatior
1083 2310 1163 2361 repe-

210 2360 299 2413 rietur
316 2359 395 2413 velut
411 2359 434 2413 I.
451 2363 573 2415 eal—35.
592 2366 632 2414 78.
652 2368 692 2416 96.
712 2368 767 2415 112.
786 2362 821 2415 ΙΙ.
840 2368 896 2420 tao.
916 2368 972 2418 151.
991 2361 1041 2421 ΙΙΙ,
1060 2367 1103 2415 ta.
1119 2367 1163 2413 44.

209 2432 250 2479 47.
269 2424 317 2479 lV.
338 2430 377 2478 15.
397 2431 447 2479 17⁶.
466 2432 508 2481 95.
527 2433 584 2481 152.
605 2433 662 2483 166.
697 2429 730 2482 ln
746 2429 929 2483 adnotatione
953 2446 1019 2483 vero
1037 2428 1164 2483 codicem

210 2492 401 2549 Veronensem
419 2507 436 2544 a
454 2491 649 2548 Studemundo
671 2495 829 2563 inspectum
851 2498 904 2551 hac
926 2498 995 2551 nota
1015 2500 1062 2549 V·t
1078 2494 1164 2565 sigui-

210 2558 294 2615 ficavi
311 2562 341 2613 et
357 2560 480 2614 distinxi.

580 2706 791 2715 -ι----ι

279 2812 518 2869 Tandem'Gaium
532 2830 565 2867 ex
577 2813 639 2882 ipso
652 2828 669 2866 a
690 2816 815 2893 ographc
827 2814 1067 2871 Studemundiano
1080 2828 1165 2869 enare

210 2896 290 2950 posse
310 2882 440 2949 contigit:
460 2882 536 2947 quod
554 2897 623 2949 opus
642 2897 659 2934 a
679 2882 814 2936 mirabilis
831 2899 897 2938 eane
920 2886 979 2937 tum
997 2881 1166 2952 prudentiae

211 2950 241 3001 et
257 2947 305 3002 vel
321 2947 352 2999 in
369 2948 492 3001 minimis
504 2947 669 3016 diligentiae
680 2965 714 3003 ac
725 2948 802 3015 fidei,
814 2966 899 3017 qnam
917 2950 1003 3003 studii
1016 2965 1048 3003 ac
1059 2949 1169 3003 laboris

231 3014 324 3091 rodiit,
343 3029 361 3067 a
377 3013 534 3135 bibliopola
565 3031 657 3133 noque
671 3016 756 3084 digne
775 3016 952 3082 adornatum,
965 3016 1075 3085 Lipsiae
1089 3016 1168 3086 apud

239 3081 364 3134 rrzehnm
377 3096 402 3136 a.
413 3082 467 3135 MD
492 3080 556 3135 CCL
622 3081 656 3140 V.
669 3084 722 3137 hoc
734 3084 784 3136 sub
794 3084 891 3137 titulo:
905 3089 965 3140 Gaii
977 3089 1169 3139 Institutionum

210 3154 381 3203 commentarii
407 3159 534 3217 quattuor.
576 3153 677 3203 Codicis
703 3156 859 3206 Veronensis
885 3158 966 3206 denno
993 3157 1081 3206 collati
1105 3170 1170 3219 apo-

209 3220 334 3285 prapdam
351 3222 461 3281 confecit
478 3228 503 3270 et
522 3222 590 3269 iurare
607 3223 753 3271 academiae
774 3224 864 3285 repine
885 3224 1047 3271 scientiarum
1064 3222 1170 3271 Beroli-

211 3288 295 3337 nensis
307 3288 387 3338 edidit
400 3287 536 3338 Gnitetmna
546 3286 708 3339 Studenuntl.
737 3285 925 3338 Praemissum
938 3286 981 3339 est
991 3287 1171 3354 prooemium

211 3350 317 3415 omnia,
342 3366 414 3420 quae
439 3350 475 3404 ad
498 3350 622 3404 codicem
646 3351 762 3419 eiusque
779 3352 840 3405 fata
855 3354 1012 3421 pertinent,
1036 3353 1171 3406 accurate

213 3433 357 3495 enarrans,
385 3418 510 3473 adiectus
529 3418 651 3495 'praeter
675 3419 733 3497 alia
759 3420 862 3473 ‘Index
883 3422 1039 3499 notarum’,
1065 3419 1174 3473 codicis

212 3485 766 3620 {ttittttittttltreatin
781 3486 977 3607 littaei
993 3486 1175 3622 litant}

1083 697 1154 762 aar
1246 682 1247 687 '
