2550 4000
214 231 279 296 410
564 252 622 287 ann
641 253 700 290 oon
719 253 817 290 senon.

1261 99 1262 132 i

211 369 434 450 Ἀθηναίων
398 397 508 453 νομους
521 382 585 449 ταῖς
601 375 674 437 δέκα
707 383 912 455 praefuturos,
927 399 1048 454 qnorum
1058 387 1173 453 mimus

214 453 555 552 tittotgoivatlnocqtt
556 483 673 539 nanqo·
710 475 807 523 custos
819 469 899 522 urbis
909 469 1004 522 dictus
1020 475 1063 522 est
1074 462 1171 539 (quem
1261 499 1262 576 ¹

214 537 332 620 εβοίλετο
344 539 601 638 ὁδῆμοςᾶνὸρας
593 541 673 605 ἄνθ·
708 567 787 608 nunc
799 550 985 622 praefectum
1005 552 1071 606 urbi
1085 567 1171 606 voca·
1261 577 1262 646 ¹

215 624 369 703 εξομένους
395 637 457 688 noia
483 649 672 734 πραγματων,
710 629 797 708 mnes).
809 638 1169 707 insiqnioantempotesto·
1261 653 1262 738 ¹

215 703 301 770 ὧν
287 732 303 770 o
329 719 446 791 πρωτος
478 721 531 789 τῆς
563 709 673 781 πόλεως
710 718 1170 790 tisiilierantduodecimsasces;

214 793 312 898 φύλαξ
323 792 560 876 προσηγορεύθη,
575 792 671 856 ὁκοθ’
710 810 741 858 at
756 806 860 858 ceteris
875 819 931 858 non
946 806 1026 865 item,
1047 804 1098 858 scd
1111 806 1168 858 sin·

121 913 125 918 ·
214 875 292 957 ἡμᾶς
308 880 474 983 πολίαρχορ.
497 877 626 986 iainque
641 877 674 940 δὲ
709 889 783 960 qulis
806 901 880 941 nnus
902 892 1012 942 tontum
1028 894 1168 942 armatus

215 971 267 1040 τῆς
289 961 457 1035 ἕξουσίας’
439 987 479 1041 ην
499 954 584 1047 αυτῷ
605 965 673 1023 δυο·
708 970 861 1042 praefecto
883 971 963 1026 urbis
990 986 1057 1026 nero
1083 975 1169 1026 eliam

214 1046 338 1106 nolimu
354 1043 477 1126 ῥάβδοι,
493 1053 554 1120 τοῖς
560 1026 603 1107 δὲ
619 1053 674 1108 λοι·
711 1055 816 1110 colors
829 1059 985 1126 iconiorum
998 1056 1168 1110 ciliciorum
1261 1043 1262 1102 i

214 1135 283 1203 ποῖς
304 1127 358 1206 οὐχ
373 1131 483 1210 οὕτως,
503 1128 674 1221 ὁπλοφόρος
711 1146 738 1193 et
754 1141 868 1194 vinculo
891 1144 919 1192 et
940 1154 1016 1210 quoe
1038 1141 1097 1193 alia
1114 1141 1168 1193 sci·

215 1210 285 1274 δὲ’
268 1211 318 1274 ον’
343 1212 466 1318 ἕκριστον
487 1221 530 1288 εἱς
551 1214 601 1276 noi
621 1215 673 1294 μό·
712 1237 784 1292 mmo,
801 1223 934 1277 aderant
1261 1235 1262 1306 ¹

215 1321 276 1370 νος.
300 1307 340 1382 uqi
354 1322 387 1378 γε
396 1323 457 1377 μην
467 1300 614 1382 πολιαρχω
625 1323 677 1360 και

214 1378 295 1455 τάξις
320 1360 448 1462 ἀνδρῶν
485 1362 676 1489 τογ[οτ]ηφό·

215 1488 275 1543 ρων
286 1488 336 1527 και
327 1465 508 1546 ’ῥαβδοῦχοι
520 1490 570 1528 και
561 1465 675 1545 δεσμὰ

214 1548 264 1610 καὶ
280 1548 336 1610 ὅσα
351 1551 453 1628 ἴσμεν,
469 1561 617 1631 παρῆσαν.
635 1587 676 1597 -

1261 1767 1262 1793 i

213 1637 253 1716 io.
269 1637 348 1694 Liur.
364 1637 430 1712 Lyd.
447 1638 480 1695 dc
495 1656 564 1712 mog.
582 1641 610 1710 1,
624 1639 675 1699 34.

584 1773 796 1782 ———a

276 1876 305 1937 2.
328 1879 427 1937 Uerum
441 1883 469 1938 in
491 1883 702 1954 compositione,
726 1889 756 1936 ut
778 1880 848 1953 opud
862 1874 993 1949 ·’Gaium‚¹
1019 1881 1166 1953 reperimus
1261 1911 1262 1948 ¹

168 1959 172 1962 ’
186 2028 192 2035 ,
213 1963 303 2021 ‘otior'
317 1959 486 2021 dictum.²-
501 1964 619 2021 Diomed.
633 1964 679 2021 lib.
691 1965 711 2025 1.
725 1981 752 2039 p.
766 1963 837 2021 375.
854 1964 964 2021 Putsch.
977 1982 1002 2038 p.
1016 1964 1086 2024 379.
1099 1963 1165 2021 Keil.
1177 1975 1230 2025 [sm]

288 2133 307 2200 ¹)
326 2135 423 2183 Gavium
443 2134 505 2183 cad.
524 2135 564 2185 ed.
582 2134 652 2183 Keil.
687 2134 767 2183 Caium
787 2134 844 2182 edd.
865 2135 1033 2199 antiquiores.
1066 2133 1167 2183 Keilius

213 2208 362 2268 suspicatur
371 2204 474 2254 Calvum
483 2204 633 2270 (Licinium,
644 2204 776 2254 Ciceronis
784 2204 922 2269 aequalem)
930 2206 1084 2269 siqnificori,
1094 2206 1167 2253 cuins

214 2282 296 2325 tannen
306 2275 468 2325 orationibus
477 2283 574 2326 tantum
583 2276 720 2325 Diomedes
729 2289 790 2324 usus
800 2289 854 2323 esse
863 2275 974 2333 uidetur,
988 2290 1036 2325 nec
1045 2275 1167 2325 credibile

213 2354 259 2404 est,
274 2346 341 2396 hanc
351 2361 436 2403 vocem
447 2347 522 2396 nisio
533 2349 611 2409 poeia
622 2353 667 2395 aut
676 2348 703 2395 in
710 2346 833 2409 formulis
842 2346 958 2408 antiquis
967 2343 1045 2410 (velut
1054 2361 1167 2411 auqura-

214 2418 247 2465 lis
261 2417 427 2479 disciplinae)
441 2434 458 2464 ο
468 2420 596 2479 scriptore
605 2418 697 2465 relatis
707 2422 856 2479 usurpatam
866 2430 934 2464 esse:
952 2431 1001 2480 quo
1015 2417 1092 2465 etiam
1103 2415 1168 2464 ilina
1261 2468 1262 2473 ¹

214 2487 276 2548 opud
289 2494 408 2549 spectare
422 2488 531 2535 uidetur.
559 2485 646 2535 Simili
663 2487 694 2535 de
710 2501 789 2535 cansa
808 2487 839 2534 de
856 2485 936 2537 Gavio
950 2486 1033 2537 Basso
1052 2488 1166 2551 coqitare

214 2570 265 2605 non
280 2555 366 2605 licebit
380 2555 438 2621 (nec
446 2558 624 2621 coqitaoerunt
634 2556 717 2605 Luur.
727 2555 835 2605 Lersalt.
850 2558 877 2604 in
889 2556 983 2607 Plcilol.
998 2556 1020 2606 Ι.
1028 2572 1057 2619 p.
1067 2568 1106 2608 oli
1115 2572 1166 2619 seq.

214 2634 239 2675 et
256 2624 283 2675 0.
298 2626 373 2676 Iolen.
388 2627 425 2675 ad
438 2627 512 2676 Pers.
523 2643 551 2689 p.
562 2625 630 2692 mm),
645 2628 755 2675 maxime
769 2627 837 2690 quoti
851 2628 874 2675 is
887 2643 905 2677 a
916 2630 1084 2692 qrammatico
1093 2628 1167 2676 semel

213 2704 312 2747 tantum
321 2698 442 2747 laudatus
451 2700 497 2747 uia
504 2700 561 2747 sine
571 2700 721 2763 coqnomine
728 2698 859 2747 nominari
863 2698 987 2760 potuerit.
1002 2696 1055 2747 Sed
1063 2697 1168 2746 librarii

214 2771 331 2833 ooqitore
345 2776 495 2832 potuerunt,
510 2770 537 2817 in
551 2769 620 2817 nudo
631 2770 801 2831 praenomine
812 2767 870 2817 Gaii
883 2769 922 2817 ael
933 2767 994 2817 Gaii
1002 2768 1166 2831 offendentes,

214 2841 288 2888 cuius
305 2837 371 2888 Osca
384 2846 482 2887 tantum
493 2839 580 2902 forma
597 2838 693 2887 Gavius
706 2845 825 2901 sequente
835 2840 935 2888 nomine
949 2840 1025 2887 etiam
1037 2854 1051 2887 e
1066 2839 1167 2888 diverso

214 2925 271 2959 cuin
284 2910 382 2958 Latina
395 2924 472 2972 saepe
486 2916 639 2959 commutata
648 2916 687 2958 est
700 2908 746 2974 (cf.
756 2908 877 2958 Lactant.
888 2922 908 2967 1,
918 2919 952 2959 es.
971 2908 1039 2973 qu.
1050 2910 1166 2957 demens.

214 2994 234 3038 1,
242 2977 274 3045 2).
297 2979 446 3043 Quanquam
454 2981 535 3044 iqitur
545 2995 588 3029 res
598 2982 699 3029 incerta
709 2987 755 3038 est,
765 2986 847 3029 tamen
855 2981 991 3029 maccimam
996 2978 1166 3043 probabilita-

214 3058 261 3099 tem
276 3049 362 3109 ltobet,
380 3050 471 3099 Gaium
485 3051 617 3116 leqendum
631 3058 656 3099 et
670 3049 865 3115 intellcqcndum
878 3064 940 3099 esse.
1028 3047 1048 3115 ²)
1062 3048 1093 3099 Si
1105 3050 1168 3099 liaeo

214 3121 250 3170 ad
261 3120 352 3170 Gaium
365 3128 480 3170 nostrum
488 3128 614 3184 spectant,
624 3122 671 3171 oisc
680 3129 726 3183 est,
737 3129 764 3170 ut
774 3122 852 3169 olium
864 3120 924 3169 Gaii
932 3119 1026 3169 librum
1034 3121 1169 3171 Diomedes

214 3193 338 3240 tractarit
346 3198 455 3255 praeter
468 3190 660 3250 Institutiones,
675 3199 700 3241 et
713 3194 739 3240 in
759 3190 812 3249 leis,
833 3197 861 3239 ut
875 3192 927 3240 olio
941 3193 998 3241 loco
1012 3207 1034 3240 ο.
1052 3192 1114 3240 effor
1126 3189 1165 3241 ab·

214 3264 313 3311 venerit
323 3270 398 3327 atque
408 3264 436 3311 in
445 3262 599 3312 solemnibus
608 3262 693 3311 verbis
702 3262 858 3311 sacramenti
866 3262 985 3311 actionis.
1007 3261 1098 3327 Itaque
1106 3274 1127 3321 4,
1135 3271 1167 3311 15.

163 3350 167 3358 ¹
214 3334 242 3381 in
261 3335 433 3395 supplemento
452 3349 474 3381 a.
494 3344 605 3397 20-24.‚
626 3333 696 3397 quod
713 3331 750 3381 ibi
767 3333 794 3380 in
813 3338 875 3381 nota
893 3331 1044 3394 informavi,
1064 3333 1099 3381 ad
1116 3333 1168 3381 litis

214 3405 422 3451 contestationem
436 3418 491 3453 eam
505 3406 595 3466 retuli,
611 3418 676 3468 quae
691 3404 766 3466 quasi
784 3401 844 3451 belli
861 3402 985 3465 quaedam
998 3403 1108 3454 indictio
1121 3402 1167 3453 icoc

212 3473 309 3532 fortius
324 3488 399 3536 quom
413 3474 450 3522 oio
465 3474 568 3524 verbum
582 3476 732 3524 desiderare
742 3474 837 3535 patuit.
