2550 4000
224 215 285 280 uo
657 229 750 270 sna.

242 369 320 433 enus)
339 367 431 420 locum
450 368 572 420 mutasse
585 364 727 430 videntur,
747 364 888 420 delectum
900 366 1011 418 tantum
1024 365 1185 432 graviorum

221 385 297 492 ledi,
333 434 426 488 Bonus
467 433 651 488 aterfamilias
673 434 759 488 etiam
782 433 894 487 deserta
920 432 984 487 loca
1004 433 1052 486 vel
1075 433 1186 487 ruinosa

221 503 366 556 fructuosa
387 451 506 556 reddere
530 502 616 571 cupit.
656 501 755 567 Itaque
784 500 949 570 supplendis
975 499 1022 566 iis,
1050 517 1123 568 quae
1150 501 1184 553 ab

222 570 439 624 amanuensibus
461 570 564 623 omissa
586 570 653 623 sunt
674 585 784 638 quaeue
808 569 921 622 omnino
948 569 999 621 aut
1024 571 1102 622 certo
1130 567 1187 637 legi
1257 592 1258 597 ι

221 654 277 690 non
294 639 458 706 potuerunt,
475 654 550 691 nune
568 653 681 706 quoque
693 636 866 706 peculiarem
878 651 995 705 operam
1006 635 1119 701 navari,
1136 635 1186 689 sed

222 722 284 760 eam
302 706 425 758 maxime
443 707 515 772 tum,
533 705 583 758 ubi
601 705 636 759 de
653 704 858 776 supplementis
870 705 898 756 in
913 705 1024 758 textum
1036 704 1186 758 admitten-
1257 726 1259 776 ᾗ

222 773 265 826 dis
283 775 479 842 quaereretur,
502 789 566 827 cum
583 773 640 826 iam
658 779 735 826 certo
753 772 939 825 fundamento
956 772 1131 838 insistamus,
1151 771 1187 824 ad
1257 785 1259 794 ·

222 841 335 895 criticae
355 842 423 894 artis
440 841 569 909 regulam
587 841 711 894 strictius
728 841 898 898 revocatam.
933 840 977 892 Ad
995 856 1108 893 sensum
1123 857 1155 893 su
1176 869 1187 879 -

222 908 301 977 pleta
318 909 377 963 sive
402 908 533 962 deleticia
551 908 607 961 sive
627 908 731 961 omissa
748 909 779 961 et
799 912 867 961 tunc
884 907 1045 962 huiusmodi
1062 907 1142 960 uncis
1177 907 1186 974 )

222 979 323 1044 saepta
339 992 509 1045 quamquam
522 977 551 1029 in
568 975 625 1030 illis
643 976 730 1054 spatii
746 991 805 1029 sem
827 977 901 1030 eret
914 977 964 1029 ubi
979 975 1086 1028 licebat
1102 975 1188 1029 etiam

221 1044 408 1123 vestigiorum
431 1045 586 1122 scripturae
608 1045 748 1098 rationem
768 993 871 1109 helui,
899 1060 936 1098 ns
963 1045 1059 1097 temen
1087 1044 1130 1096 ita
1155 1058 1189 1097 ea

223 1111 399 1181 accipiantur
416 1128 449 1165 ac
472 1111 575 1164 s1aliis
597 1111 691 1166 verbis
714 1111 841 1180 suppleri
858 1128 914 1166 non
936 1111 1059 1180 possint,
1081 1110 1129 1164 vix
1147 1111 1190 1164 est

222 1181 377 1233 utiterum
395 1195 534 1234 moneam.

291 1246 423 1301 Ceterum
437 1248 466 1300 et
478 1263 525 1300 eas
538 1247 641 1301 codicis
653 1247 758 1315 partes,
777 1245 880 1313 quibus
893 1263 928 1300 cx
940 1246 1104 1316 apographo
1117 1262 1190 1300 nova

221 1314 270 1367 lux
288 1331 344 1368 non
364 1314 482 1380 affulsit,
507 1315 600 1368 denuo
618 1315 748 1368 recensui
765 1315 795 1366 et
815 1313 897 1367 iniis
915 1330 1028 1382 quoque
1046 1329 1103 1368 non
1120 1330 1190 1382 pau-

223 1398 319 1436 corum
336 1383 463 1435 locorum
482 1382 621 1436 saniorem
639 1381 790 1435 lectionem
808 1382 948 1436 invenisse
967 1381 1037 1434 mihi
1055 1381 1163 1436 videor.

290 1450 368 1503 Haec
387 1450 422 1503 de
441 1449 556 1503 consilio
575 1451 604 1502 et
622 1449 731 1503 ratione
749 1465 840 1503 novae
858 1449 989 1504 editionis
1013 1449 1191 1518 praemonita

223 1517 447 1637 sufficeredratus
463 1517 679 1571 benevolentiae
696 1533 760 1571 eam
778 1533 885 1580 eorum,
903 1519 953 1586 qui
971 1533 1005 1572 ea
1022 1517 1101 1571 usuri
1118 1519 1191 1584 sunt,

223 1599 352 1639 commen
375 1601 400 1638 ο,
1079 1608 1087 1625 .

290 1765 385 1820 Pauca
405 1769 487 1832 sunt,
506 1783 578 1844 quae
591 1767 658 1820 hnic
670 1767 815 1835 quintae
834 1769 871 1833 ct,
889 1769 922 1820 ut
941 1767 1004 1835 ipse
1022 1783 1117 1836 spero,
1140 1781 1190 1834 po-

224 1835 346 1889 stremae
365 1849 445 1888 meae
466 1834 616 1889 editioni
634 1835 788 1903 praefanda
806 1834 962 1889 videantur.

293 1899 322 1954 Si
342 1901 405 1969 quis
422 1903 496 1956 forte
515 1902 656 1971 opinetur,
675 1903 850 1957 nuncetiam
863 1901 977 1957 aliunde
989 1905 1193 1971 praeterquam

225 1967 385 2090 esspclf’ffioe
410 1969 567 2049 Veronensi
590 1969 693 2093 Gaiium
708 1969 835 2093 {dign}
848 1987 954 2051 norum
980 1971 1137 2025 subsidium
1161 1987 1192 2025 se

224 2053 376 2183 tellit}
397 2054 486 2175 {aa}
500 2054 817 2160 tristatus
835 2040 1192 2177 &astatadstat

165 2184 168 2190 '
225 2172 401 2227 emendatius
420 2174 504 2228 edere
523 2174 618 2243 coepit
636 2176 672 2243 (a.
692 2176 781 2242 1884),
803 2175 938 2253 primitus
960 2192 1018 2229 non
1035 2174 1191 2241 Iustiniani,

223 2242 256 2293 ut
282 2240 373 2294 adhuc
401 2242 552 2305 creditum,
581 2241 630 2295 sed
653 2241 718 2296 Gaii
743 2242 955 2297 institutionum
977 2244 1192 2298 translationem

224 2305 298 2361 auid
314 2308 402 2373 ,noea
425 2309 524 2374 fuisse,
549 2310 585 2374 is,
610 2326 656 2362 me
674 2309 790 2377 quidem
807 2310 916 2376 iudice,
934 2310 1057 2375 fallitur,
1082 2312 1193 2365 etiamsi

223 2375 287 2452 plus
301 2375 502 2454 'haccepinio
525 2393 610 2444 quam
632 2392 663 2430 re
706 2392 827 2454 erpensa
850 2378 951 2441 habet,
978 2379 1099 2433 haberet
1119 2378 1193 2433 veri·

223 2441 428 2495 srmrlrtudmis:
448 2460 527 2496 cu1us
538 2452 635 2499 tamen
652 2445 683 2497 iu
715 2446 752 2498 cii
763 2446 888 2500 rationes
900 2446 1020 2500 reddere
1033 2448 1063 2501 et
1074 2446 1193 2516 longum

222 2525 275 2564 nec
293 2509 377 2563 huius
395 2510 449 2564 loci
468 2512 518 2565 est.

293 2576 348 2630 Sed
366 2577 426 2645 ipse
445 2579 533 2633 codex
552 2580 722 2635 Veronensis
740 2582 773 2634 ut
790 2598 886 2634 rursus
903 2582 1046 2651 aliquibus
1064 2582 1134 2636 locis
1150 2582 1194 2634 in·

226 2647 339 2766 {pecdtus
356 2661 430 2766 ιέοὲῗι
447 2647 528 2767 ughis
546 2648 665 2728 aperiat,
682 2647 826 2767 silndefesso
839 2650 869 2703 et
884 2667 1029 2728 nunqnam
1046 2650 1114 2735 satis
1131 2650 1195 2728 lau·

223 2728 459 2901 ⁵all¹¹3v¹3dli⁰¹⁰²⁰
486 2715 1196 2887 {illinita⁰lll¹¹lart¹fltuttrfftltti²il

223 2850 1196 2998 xlnfftltltlltutulldltlllfllttnltstllltlffltfli

223 2984 265 3037 Ea
285 3002 320 3037 ue
343 3001 480 3050 maxime,
503 2985 572 3039 licet
592 3002 651 3039 ram
673 2987 709 3039 ab
733 2987 795 3041 alus
821 3006 851 3041 ιιι
872 2988 923 3043 illa
949 2989 1041 3043 altera
1066 2990 1195 3044 editione

224 3002 315 3121 (rolris
334 3051 392 3107 ‘Kr
413 3052 456 3109 ed.
471 3052 508 3120 Ψ)
528 3053 669 3120 adhibita,
688 3056 759 3108 mihi
770 3072 892 3124 quoque,
912 3059 944 3110 ut
960 3074 1055 3111 rursus
1073 3057 1116 3111 his
1129 3056 1197 3111 Gaii

224 3118 432 3172 commentariis
461 3122 640 3176 recensendis
667 3124 697 3176 et
726 3123 842 3177 edendis
868 3140 946 3179 meas
975 3140 1089 3192 quoque
1110 3141 1196 3179 curas

225 3186 423 3255 inpenderem,
443 3186 473 3238 in
492 3203 577 3241 cansa
594 3189 719 3244 fuerunt.

291 3253 370 3318 Quae
389 3254 505 3319 quidem
517 3272 601 3310 curae
613 3258 683 3326 quin
694 3258 778 3327 plane
795 3259 988 3315 infructuosae
1000 3277 1058 3314 non
1074 3261 1196 3328 fuerint,

224 3321 274 3376 sed
292 3322 363 3375 Gaio
381 3337 438 3375 non
456 3324 553 3391 paucis
571 3341 622 3379 nec
645 3326 680 3381 iis
697 3328 811 3381 tantum
827 3328 858 3381 in
876 3328 956 3393 locis,
1000 3345 1054 3383 uae
1073 3329 1196 3398 Supple-

224 3392 321 3443 menta
345 3388 396 3443 illa
422 3392 565 3458 spectant,
591 3394 703 3462 plenius
727 3396 757 3449 et
778 3395 882 3448 rectius
905 3396 964 3449 sive
980 3347 1109 3466 legendo
1132 3396 1196 3451 sive

224 3456 323 3509 intelle
342 3457 419 3533 endo
431 3460 598 3526 profuerint,
611 3461 654 3515 ita
665 3478 722 3515 non
736 3462 844 3528 dubito,
864 3465 897 3516 ut
909 3463 979 3517 alios
991 3480 1113 3533 quoque,
1134 3466 1198 3533 qui,

226 3524 258 3575 ut
274 3522 317 3576 Tu
340 3541 384 3601 ius
402 3525 456 3588 ait,
469 3542 533 3605 'pon
551 3528 631 3599 vulgi
649 3546 728 3584 more
747 3546 782 3584 ex
800 3530 932 3598 opinione
949 3531 1001 3585 sed
1019 3548 1055 3585 ex
1073 3532 1198 3586 veritate
1247 3525 1259 3594 ,ἷ

225 3605 269 3643 res
287 3592 447 3660 assumant,
467 3595 640 3651 iudicaturos
659 3614 727 3668 esse,
751 3614 876 3668 sperem,
900 3600 1022 3653 maxime
1040 3600 1063 3654 si
1081 3601 1198 3655 contro·
1257 3628 1259 3662 ;
