2550 4000
198 233 263 298 374
495 247 555 284 carr
572 249 673 284 1usr1r.
693 229 740 283 tv.
761 235 869 286 tta-78.

262 388 309 449 75.
329 390 366 445 lix
382 382 533 447 maleficio¹
556 387 787 446 filiorumlamilias
809 407 1018 463 seruorumque,
1040 391 1128 447 ueluti
1144 393 1168 448 si

198 477 301 533 lurtum
327 476 442 532 fecerint
469 483 515 530 aut
540 475 664 531 iniuriam
685 476 883 545 commiserint,
907 475 1018 530 noxales
1045 477 1168 532 actiones

198 558 1167 636 mmmmmtmfiwmmfflmmmmmssmammffle

196 663 258 702 nem
273 645 389 702 sufferre
405 654 452 701 aut
467 660 553 701 norae
568 642 681 700 dedere:
698 653 756 700 erat
772 646 842 700 enim
855 646 992 717 iniquum,
1016 646 1167 718 nequitiam

196 747 291 787 eorum
308 730 379 786 ultra
394 732 517 804 ipsorum
532 745 646 804 corpora
662 728 821 803 parentibus
840 729 992 786 dominisue
1008 728 1166 786 damnosam

196 810 1165 887 mcwfflmwmmmmmmmmfflmw·

196 898 248 956 bus
263 908 309 955 aut
326 899 416 956 edicto
435 900 585 972 praetoris:
607 898 732 972 legibus,
749 899 825 955 uelut
840 898 907 955 furti
923 898 985 972 lege
998 915 1045 956 x1r
1061 897 1166 954 tabula·

196 1000 267 1054 rum,
288 984 377 1040 damni
396 985 508 1040 iniuriae
527 983 589 1058 lege
604 984 725 1058 Aquilla;
747 983 836 1040 edicto
853 985 1001 1056 praetoris,
1024 983 1103 1039 uelut
1125 983 1165 1038 iu·

195 1069 324 1124 iuriarum
340 1078 368 1126 et
384 1069 413 1125 ui
428 1068 561 1124 bonorum
578 1078 728 1142 raptorum.
764 1063 806 1126 77.
830 1067 928 1124 Omnes
944 1078 1035 1125 autern
1051 1067 1164 1124 noxales

196 1155 316 1210 actiones
332 1164 413 1228 caput
428 1155 595 1226 sequuntur:
618 1170 679 1209 narn
700 1155 723 1209 si
746 1151 817 1209 lilius
840 1162 903 1209 tuus
918 1169 1051 1209 seruusue
1066 1169 1165 1209 ueram

195 1240 370 1310 commiserit,
386 1237 513 1314 quamdiu
528 1239 555 1292 in
570 1245 619 1294 tua
633 1247 771 1312 potestate
785 1246 842 1307 est,
865 1247 955 1294 tecum
970 1245 1013 1294 est
1028 1239 1118 1306 actio,
1141 1238 1164 1293 si

194 1324 221 1378 in
238 1323 349 1380 alterius
363 1331 529 1398 potestatem
545 1325 718 1396 peruenerit,
741 1339 802 1379 cum
824 1323 872 1379 illo
888 1324 983 1396 incipit
998 1324 1069 1378 actio
1085 1338 1163 1390 esse;

196 1408 217 1461 si
233 1410 276 1462 sui
291 1410 358 1464 iuris
373 1410 495 1482 coeperit
511 1424 587 1477 esse,
603 1407 706 1465 directa
721 1409 791 1464 actio
807 1409 943 1482 cumipse
960 1417 1016 1477 est,
1032 1417 1060 1464 et
1076 1423 1163 1463 noxae

195 1490 299 1548 deditio
320 1494 498 1566 extinguitur.
536 1509 569 1547 en
589 1492 699 1548 diuerso
722 1509 830 1567 quoque
852 1492 954 1549 directa
971 1494 1040 1548 actio
1057 1491 1163 1548 noxalis

195 1591 255 1631 esse
282 1577 390 1650 incipit:
413 1593 474 1632 nam
501 1578 525 1631 si
553 1577 743 1649 paterfamilias
764 1594 862 1634 noxam
883 1579 1065 1645 commiserit,
1089 1585 1118 1632 et
1139 1578 1162 1632 is

194 1677 225 1716 se
240 1662 268 1716 in
283 1660 490 1736 adrogationem
505 1662 552 1717 tibi
572 1661 677 1718 dederit
693 1671 739 1718 aut
754 1679 852 1718 seruus
868 1671 932 1718 tuus
948 1679 1007 1718 esse
1028 1663 1162 1736 coeperit,

195 1745 295 1821 (quod)
311 1745 471 1820 quibusdam
487 1744 592 1802 casibus
608 1745 729 1803 accidere
751 1748 838 1820 primo
861 1748 1055 1804 commentario
1078 1743 1182 1802 tradi·=

195 1831 293 1901 dimus,
309 1833 404 1906 incipit
419 1839 509 1889 tecum
526 1830 629 1887 noxalis
645 1833 714 1888 actio
730 1848 801 1902 esse,
820 1847 887 1904 quae
903 1841 964 1888 ante
979 1832 1082 1888 directa
1098 1831 1160 1887 luit.

193 1911 240 1971 78.
261 1915 314 1971 Sed
334 1917 356 1971 si
377 1914 448 1970 filius
469 1917 539 1989 patri
561 1923 608 1971 aut
627 1932 726 1972 seruus
748 1915 858 1972 domino
874 1933 970 1972 noxam
985 1917 1160 1987 commiserit,

195 2000 270 2057 nulla
286 2003 355 2057 actio
371 2002 505 2058 nascitur:
528 2002 602 2058 nulla
620 2003 690 2057 enim
706 2002 817 2059 omuino
832 2004 904 2059 inter
918 2019 960 2058 me
976 2011 1004 2059 et
1019 2018 1098 2072 euru,
1113 2002 1160 2075 qui

194 2090 222 2141 iu
238 2093 374 2160 potestate
388 2102 447 2141 mea
462 2094 518 2150 est,
542 2085 672 2161 obligatio
694 2086 768 2143 nasci
788 2096 894 2160 potest3
915 2088 1031 2161 ideoque
1053 2094 1081 2143 et
1095 2088 1119 2141 si
1134 2088 1161 2142 in

123 2177 181 2227 218.
194 2170 305 2227 alienam
330 2164 333 2249 l
358 2179 522 2245 potestatem
544 2172 702 2244 peruenerit
725 2180 771 2228 aut
791 2173 833 2228 sui
855 2173 922 2227 iuris
945 2188 1006 2228 esse
1029 2173 1160 2245 coeperit,

193 2272 283 2328 neque
304 2272 364 2312 eum
384 2257 444 2330 ipso
464 2273 553 2329 neque
568 2272 629 2312 curn
645 2272 693 2327 ee,
715 2257 792 2313 euius
808 2273 880 2313 nunc
900 2258 926 2312 iu
948 2265 1085 2330 potestate
1108 2265 1160 2329 est,

194 2342 237 2413 agi
257 2349 359 2414 potest.
390 2340 462 2395 unde
483 2342 634 2414 quaeritur,
657 2342 679 2397 si
696 2340 799 2397 alienus
820 2357 918 2397 seruus
941 2339 1048 2397 filiasue
1063 2358 1160 2399 noxam

192 2421 358 2480 commiserit
374 2425 454 2499 milui,
465 2493 467 2496 v
479 2433 507 2481 et
526 2427 549 2480 is
572 2435 667 2499 postea
682 2428 709 2481 iu
726 2442 784 2483 mea
799 2442 863 2481 esse,
875 2427 996 2499 coeperit
1011 2435 1158 2500 potestate,
1171 2442 1220 2495 {aar}

193 2517 285 2564 utrum
300 2507 443 2565 intercidat
459 2510 540 2581 actio,
555 2526 588 2564 an
604 2511 741 2583 quiescat:
765 2511 851 2567 nostri
867 2519 1060 2585 praeceptores
1076 2512 1160 2567 inter·

192 2593 283 2649 cidere
298 2600 409 2667 putant,
431 2595 494 2667 quia
509 2594 536 2649 in
551 2610 613 2649 eum
628 2611 719 2650 casum
736 2594 851 2652 deducta
866 2597 918 2666 sit,
942 2597 969 2651 in
985 2612 1041 2669 quo
1056 2590 1160 2653 ἰἠίῑίο2

191 2680 342 2735 consistere
353 2694 409 2735 non
421 2680 553 2753 potuerit,
568 2678 694 2753 ideoque,
710 2680 774 2737 licet
786 2681 880 2737 exierit
895 2680 927 2737 de
939 2696 997 2737 mea
1010 2689 1159 2754 potestate,

191 2780 274 2837 agere
290 2780 332 2821 me
348 2780 403 2820 non
425 2780 522 2839 posse3
545 2763 668 2821 diuersae
689 2765 799 2821 scholae
819 2774 958 2828 auctores,
982 2766 1110 2839 quamdiu
1132 2768 1158 2822 in

191 2865 250 2903 ruea
264 2858 401 2921 potestate
417 2849 463 2919 sit,
478 2850 618 2923 quiescere
631 2849 767 2906 actionem
779 2858 885 2924 putant,
901 2854 969 2923 quio
981 2852 1040 2923 ipse
1053 2867 1157 2907 mecum

264 2988 285 3053 1)
298 2993 423 3041 maleficiis
442 2993 527 3043 Instit.
547 2994 591 3043 lu'c
609 2999 635 3042 et
653 2994 737 3055 §.112¹
762 2994 809 3043 aed
824 2992 941 3043 maleficio
961 3001 998 3043 est
1015 2992 1158 3042 Galacum:

192 3061 224 3110 L.
239 3074 260 3111 t.
280 3062 311 3109 D.
327 3063 359 3111 de
373 3063 421 3113 obl.
436 3072 460 3113 et
474 3072 524 3114 aet.
541 3065 587 3127 (tt,
602 3063 633 3130 t).
691 3060 712 3129 ²)
727 3062 773 3113 Ec
791 3063 891 3113 Blulam.
911 3062 1018 3123 Selaed„
1039 3064 1085 3113 ubi
1097 3072 1157 3113 ante

191 3139 305 3182 notatum
319 3133 352 3181 tio
366 3136 506 3184 secumdum
521 3136 548 3184 V
548 3131 570 3167 θ*
578 3137 729 3197 corruptela
744 3137 889 3185 litterarum
903 3134 936 3183 ini
947 3135 1033 3198 fuisse
1045 3136 1155 3185 uidetur.

191 3204 232 3267 Cf.
247 3204 283 3253 od
296 3205 319 3265 ἓ.
335 3216 355 3255 a.
376 3203 445 3253 Lde
463 3208 549 3256 inutil.
567 3208 627 3271 stip.
644 3205 680 3272 (a,
695 3206 733 3271 19)
752 3222 768 3256 α
785 3205 935 3257 Schradero
954 3208 1076 3273 allegata.
1104 3205 1155 3256 Om.

190 3274 277 3346 leutii.
292 3276 332 3325 ed.
347 3274 420 3327 Sauo.
440 3277 502 3327 actio
517 3284 594 3327 anteo
608 3278 741 3329 edebatur.

262 3397 286 3469 ξ.
302 3403 344 3453 76.
360 3416 449 3465 =pr.
464 3402 487 3464 ὅ.
503 3402 573 3464 afin.
592 3402 663 3453 Lde
677 3405 766 3453 uexat.
782 3411 832 3453 oct.
848 3401 879 3469 (4,
894 3402 926 3467 8).
947 3402 986 3465 Cf.
998 3402 1074 3451 Paul.
1090 3413 1111 3464 a,
1121 3413 1155 3453 ³1.

191 3472 217 3532 ἓ.
231 3484 252 3523 t.
271 3487 353 3535 supro
367 3487 388 3535 1,
403 3484 449 3524 140.
505 3467 709 3540 §76.=§.t.
729 3474 800 3527 Lib.
829 3470 832 3476 ’
857 3469 1154 3542 §tt.=§.s.1.io.

192 3541 233 3603 Cf.
250 3542 325 3591 Poul.
341 3556 362 3605 a,
376 3556 409 3595 31.
429 3545 469 3605 ἐξ.
489 3555 508 3595 8.
527 3554 548 3595 9.
571 3546 649 3609 prime
669 3543 767 3615 comm]
786 3548 810 3608 ἓ.
830 3558 876 3597 160.
932 3542 958 3614 β
979 3548 1020 3597 78.
1043 3544 1081 3607 Os.
1097 3546 1120 3606 ξ.
1136 3556 1155 3593 e.

190 3611 215 3661 I.
230 3611 262 3661 ib.
283 3612 314 3660 L.
331 3625 363 3664 1s.
378 3626 412 3665 cr.
432 3615 464 3663 D.
480 3615 512 3664 de
523 3614 590 3677 sura.
606 3616 651 3681 (aa,
666 3615 697 3681 a).
717 3618 749 3666 L.
763 3630 797 3670 aa.
817 3618 850 3667 D.
866 3618 897 3666 de
912 3619 1000 3667 noent
1014 3624 1065 3665 act.
1076 3616 1107 3681 (e,
1122 3614 1154 3683 a).
