2550 4000
382 199 439 236 oen
458 199 558 236 murm.
578 181 612 234 Il.
633 186 774 236 tea-tto.
1001 182 1064 248 257

162 334 225 400 152.
248 340 367 398 Heredes
390 350 480 399 autem
503 351 549 397 aut
576 342 723 398 necessarii
749 341 876 398 dicuntur
903 349 949 397 aut
972 343 1014 398 sui
1037 351 1065 398 et

92 427 246 482 necessarii
267 434 313 482 aut
336 427 466 482 extranei.
517 423 580 484 153.
603 426 776 482 Necessariae
799 426 879 482 heres
902 434 943 482 est
965 442 1066 483 seruus

90 525 161 564 eum
177 509 301 566 libertate
316 510 395 568 heres
410 511 566 576 institutus;
589 510 651 566 ideo
666 512 705 567 sic
723 509 892 584 appellatus,
911 511 989 584 quia,
1005 512 1065 567 siue

92 595 167 650 uelit
188 595 247 650 siue
269 594 354 667 nolit,
379 595 533 652 omnimodo
556 603 755 668 postmortem
779 596 918 651 testatoris
940 597 1065 668 protinus

92 677 169 734 liber
190 680 317 736 etheree
337 689 389 735 est.
434 677 496 739 154.
512 680 585 736 Unde
609 681 655 752 qui
678 679 819 736 facultates
839 695 902 734 suas
923 690 1065 752 suspectas

92 762 195 834 habet,
220 765 291 820 soiet
312 780 422 820 seruum
442 766 529 839 primo
551 773 598 820 aut
617 764 739 822 seeundo
761 764 805 820 uel
828 765 909 820 etiam
933 764 1064 820 ulteriore

91 847 186 920 gradu
201 847 316 904 liberum
332 857 359 904 et
379 849 504 905 heredem
525 850 682 915 instituere,
703 858 733 907 ut
752 851 775 905 si
795 846 977 905 creditoribus
998 850 1064 904 satis

92 948 155 987 non
182 930 245 1003 fiat,
274 935 366 1006 potins
388 933 467 990 huius
489 934 597 990 heredis
620 950 700 1006 quam
722 935 807 1008 ipsius
831 934 968 990 testatoris
992 932 1064 988 bona

94 1024 231 1086 uenearrt,
260 1017 366 1083 idest,
396 1019 614 1092 nigromonte,
643 1035 712 1092 quae
734 1018 828 1074 accidit
851 1034 885 1074 er
908 1017 1065 1074 uenditione

91 1099 249 1174 bonorum,
272 1101 344 1158 hunc
364 1104 456 1176 potius
479 1101 607 1158 heredem
626 1118 705 1175 quam
720 1105 809 1175 ipsum
824 1109 983 1158 testatorem
998 1118 1064 1158 eoa·

91 1186 203 1259 tingat3
228 1203 389 1260 quamquam
405 1189 479 1260 apud
493 1185 625 1243 Fufidium
641 1185 740 1242 Sabino
757 1187 876 1259 placeat,
895 1185 1064 1242 eximendum

89 1285 159 1324 eum
175 1286 236 1326 esse
250 1271 416 1344 ignominia,
437 1272 569 1344 quianon
585 1287 635 1327 sno
657 1272 735 1341 uitio,
759 1270 807 1326 sed
821 1272 984 1328 necessitate
999 1271 1066 1326 iuris

92 1353 234 1410 bonorum
255 1353 439 1410 uenditionem
458 1362 614 1428 pateretur;
637 1354 685 1410 sed
707 1355 760 1412 aiio
780 1357 839 1412 iure
860 1355 969 1414 utimur.
999 1351 1064 1412 155.

91 1436 152 1492 Pro
169 1437 324 1495 hortamen
340 1438 510 1495 incommodo
526 1438 597 1495 iliud
616 1441 641 1495 ei
656 1439 828 1496 commodum
844 1447 1012 1512 praestatur,
1032 1448 1064 1495 ut

91 1538 138 1592 ca,
156 1538 225 1596 qnae
238 1531 304 1596 post
319 1531 434 1580 mortem
449 1525 557 1597 patroni
573 1523 623 1580 sibi
638 1523 807 1597 adquisierit,
822 1525 884 1580 siue
898 1533 961 1581 aute
977 1524 1063 1580 bono·

90 1622 154 1662 rum
178 1606 361 1663 uenditionem
381 1609 575 1681 siue-postea,
599 1610 651 1682 ipsi
673 1617 865 1678 reseruentur3
887 1619 916 1665 et
939 1610 1063 1682 quamuis

89 1707 146 1764 pro
169 1685 318 1764 portioue¹
342 1691 411 1748 bona
435 1694 584 1766 uenierint,
613 1695 712 1749 iterum
735 1710 767 1749 er
799 1693 962 1751 hereditaria
984 1709 1065 1748 causa

90 1773 167 1832 liora
182 1776 240 1832 eins
263 1792 318 1832 non
341 1779 467 1848 uenient,
490 1777 586 1833 nisisi
608 1778 676 1852 qnid
696 1779 719 1833 ei
743 1795 776 1834 er
796 1777 960 1835 hereditaria
982 1793 1063 1834 eausa

90 1859 105 1914 i
106 1862 179 1916 uerit
194 1861 369 1933 adquisitum,
383 1857 387 1938 )
402 1862 479 1919 uelut
493 1863 516 1916 si
529 1853 629 1918 ’Latini
643 1864 733 1933 bonis,
751 1857 848 1939 (quem
857 1855 958 1936 ireres)
969 1860 1062 1934 adqui·
1075 1870 1121 1920 et.

90 1939 196 2016 sierit‚²
212 1944 376 2020 locupietior
392 1945 479 2003 iactus
495 1947 545 2014 sit3
568 1963 629 2004 cum
651 1956 804 2005 ceterorum
821 1946 972 2019 hominnm,
996 1962 1063 2021 quo·

90 2116 218 2178 aufertur
237 2117 344 2181 ideoque
363 2118 440 2165 etiam
459 2118 559 2179 petenti
582 2116 674 2165 heredi
697 2117 752 2165 doti
770 2117 889 2178 exceptio
908 2116 1064 2177 oppositum

91 2189 136 2236 sin
151 2202 213 2237 uero
228 2194 335 2238 testator
350 2187 452 2237 tabutas
470 2189 615 2236 testamenti
633 2187 759 2236 inciderit
772 2185 832 2250 (quo
852 2201 915 2235 casu
930 2192 1064 2235 testamen·

92 2259 167 2307 taria
181 2257 204 2307 b.
215 2274 243 2322 p.
259 2256 356 2325 deficit)
375 2259 452 2323 idque
466 2264 555 2321 aperte
570 2273 601 2307 ea
615 2265 697 2307 mente
708 2258 817 2321 feeerit,
837 2264 864 2306 ut
883 2259 1004 2306 intestato
1018 2258 1064 2305 de·

92 2330 212 2389 cederet,
236 2329 258 2379 b.
274 2345 439 2394 possessores
462 2329 493 2379 ab
517 2332 638 2381 intestato
657 2328 772 2378 obtinent
796 2329 964 2379 hereditatem
987 2330 1064 2378 etiam

92 2402 190 2465 quatis
204 2401 405 2451 concidentibus.
444 2397 548 2451 ‘vincat
566 2401 667 2465 quidem
686 2415 788 2450 necesse
807 2407 845 2450 est
864 2403 891 2449 ia
908 2400 1064 2450 hereditatis

89 2472 233 2535 petitioae;
247 2472 294 2521 sed
304 2474 384 2535 fiscus
399 2475 423 2522 ei
437 2474 513 2539 quasi
527 2473 634 2538 indique
650 2472 753 2535 auferet
766 2472 943 2530 hereditatem,
963 2487 995 2521 ue
1010 2474 1063 2522 uilo

94 2543 170 2593 modo
189 2543 225 2591 ad
242 2558 311 2601 eum,
336 2559 407 2608 quem
430 2552 537 2595 testator
560 2544 679 2594 heredem
701 2542 797 2593 habere
820 2540 929 2602 uoluit’,
951 2542 1000 2594 Kr.
1027 2543 1063 2606 cs.

94 2614 119 2674 ἓ.
135 2625 174 2664 181
190 2614 236 2677 βπ.
266 2614 329 2663 Atia
352 2630 420 2664 nuuc
439 2618 564 2679 proponit
588 2614 637 2664 Kr.
660 2616 700 2664 ed.
719 2626 739 2665 2.
806 2610 827 2679 9)
845 2613 970 2678 Sequitur
993 2616 1063 2662 linea

95 2699 189 2743 eracua,
203 2684 326 2735 rubricae
336 2686 472 2736 destinata.
535 2682 555 2751 1)
566 2693 665 2750 propter
675 2685 837 2734 contractione
850 2684 876 2732 0.
887 2699 930 2745 pro
942 2710 975 2718 -
987 2710 1020 2746 ε-
1029 2710 1062 2718 -

96 2782 130 2790 -
147 2782 181 2792 --
194 2766 213 2807 tt
227 2757 266 2805 ed.
280 2755 329 2821 Β).
369 2756 407 2821 Of.
425 2753 537 2807 ‘Gaius'
554 2772 582 2820 p.
598 2768 632 2807 tu.
648 2765 672 2805 et
692 2754 784 2804 Sched.
802 2755 829 2802 ira
848 2770 870 2801 u.
887 2753 1063 2801 damnationem

95 2826 172 2890 infra
186 2826 213 2875 iu
229 2828 267 2889 ἓξ.
283 2839 330 2879 eoo.
345 2840 392 2880 eos.
445 2826 465 2892 ²)
480 2826 566 2877 latinus
577 2826 720 2891 adquisierit
731 2824 756 2874 C.
768 2825 844 2873 etiam
859 2823 886 2871 V
884 2818 905 2854 st
912 2822 970 2871 edd.
981 2819 1062 2886 (ἀπ’

95 2898 187 2947 addito
202 2897 241 2947 ed.
257 2897 305 2963 Β).
320 2896 353 2963 a.)
381 2899 478 2948 Latinus
494 2914 547 2948 eum
562 2897 697 2949 decesserit
711 2896 817 2945 edrico
828 2906 847 2944 1.
876 2892 930 2942 Sed
939 2907 986 2943 nec
1000 2892 1065 2942 daec

169 3053 194 3126 ᾖ.
211 3058 526 3121 tte.=pr.1.aeter.
546 3060 655 3122 quistet
673 3052 839 3121 difflatu).
912 3049 937 3122 ξ.
955 3055 1013 3104 153.
1030 3076 1064 3096 ==

96 3129 120 3189 §-
131 3140 152 3180 1.
171 3128 238 3179 Lib.
303 3125 328 3197 §-
341 3130 399 3179 154.
411 3131 475 3192 ες.
486 3143 506 3181 1.
526 3130 548 3181 I.
564 3131 607 3179 cit.
623 3128 752 3191 ignominia
767 3122 829 3195 ete]
846 3126 884 3189 Cf.
895 3126 927 3179 L,
939 3138 959 3179 6.
979 3125 1023 3174 tir.
1037 3126 1063 3175 0.

97 3200 129 3248 de
144 3200 216 3263 inoff.
232 3207 288 3249 teet.
303 3202 334 3266 (a,
345 3198 388 3267 re).
418 3201 491 3264 infra
504 3213 525 3263 s,
537 3212 570 3253 re.
584 3213 606 3263 t,
618 3212 664 3251 ror.
679 3200 740 3249 Lea
753 3198 803 3251 Iut.
818 3199 912 3249 munic.
928 3215 950 3247 v.
963 3209 1001 3249 rra
1011 3211 1063 3260 seq.

97 3270 130 3318 L.
145 3280 179 3321 ue.
199 3271 231 3319 D.
247 3287 312 3335 quae
331 3274 358 3321 ia
375 3272 413 3334 fr.
433 3272 503 3321 cred.
520 3272 564 3337 (ta,
578 3271 609 3337 6).
643 3271 695 3321 Cic.
707 3286 759 3335 pro
777 3268 861 3330 Quint.
878 3280 911 3321 15.
932 3271 955 3331 ἓ.
970 3280 996 3319 tu
1010 3282 1063 3331 seq.

98 3341 129 3389 L.
145 3352 166 3393 6.
188 3341 213 3391 0.
230 3344 274 3406 qui
288 3342 344 3393 bon.
360 3343 415 3392 ced.
430 3341 462 3406 (t,
478 3342 521 3408 tt).
594 3339 619 3410 §
637 3343 782 3403 155.=§.
798 3354 818 3391 1.
838 3340 919 3389 Leit.
941 3339 979 3401 Of.
994 3338 1026 3386 L.
1043 3350 1063 3387 t.

98 3414 121 3473 ς.
136 3424 171 3463 18.
191 3413 224 3461 D.
239 3414 271 3462 de
285 3421 398 3477 separat.
414 3413 460 3477 (ta,
474 3412 505 3479 6).
521 3413 552 3461 L.
568 3426 588 3465 t.
603 3415 627 3475 §-
642 3426 662 3465 6.
683 3413 715 3462 Ι).
730 3413 762 3462 de
776 3414 868 3461 minor.
883 3410 917 3473 (4,
930 3409 963 3473 e).
992 3408 1063 3457 etiam

99 3478 208 3552 saepius]
232 3484 270 3547 Of.
284 3485 317 3533 L.
333 3496 353 3535 6.
368 3496 387 3535 t.
408 3484 440 3533 D.
455 3484 486 3533 de
501 3499 564 3533 cess.
580 3484 637 3535 bon.
653 3485 698 3549 (tt,
708 3482 739 3550 6).
759 3483 791 3531 L.
801 3495 821 3533 s.
845 3481 912 3532 dae
927 3479 1064 3529 bouquet.

100 3554 152 3603 tud.
171 3552 202 3618 (a,
218 3554 262 3620 re).

149 3656 248 3689 misse.
262 3657 341 3691 amer.
355 3658 407 3690 m.
422 3658 459 3689 en.
473 3657 495 3689 v.
830 3638 862 3687 lt
