2550 4000
407 248 468 285 our
486 232 583 288 nram.
601 229 648 285 IV.
668 236 778 287 tet-81,
982 275 984 280 -
1013 233 1076 299 375

110 407 193 467 agere
213 393 409 464 uou‘possim,
430 407 491 446 oum
513 407 579 447 uero
596 393 690 447 exierit
711 391 744 448 cle
760 408 818 448 mea
839 400 991 466 potestate,
1014 400 1077 448 tune

109 493 169 533 eam
198 476 362 531 resuscitari.
413 471 459 532 79.
493 476 558 530 Cum
587 485 676 532 autem
707 474 892 532 filiusfamilias
922 493 954 532 ex
987 477 1076 533 noxali

108 577 192 618 causa
207 561 341 633 mancipio
365 560 459 629 datur,
482 560 606 616 diuersae
621 561 730 617 scholae
753 570 878 618 auctores
900 567 1011 635 putant,
1036 569 1077 616 ter

110 662 173 701 eum
196 646 329 718 mancipio
353 645 408 700 dari
431 644 545 716 debere,
569 647 630 718 quia
654 645 716 720 lege
730 663 778 703 xu
794 645 944 702 tabularum
969 654 1076 702 cautum

109 732 156 800 sit,
171 722 233 808 ’(ne
246 732 325 802 filias
339 731 374 786 de
387 737 530 801 potestate
544 734 642 802 patris
657 724 770 802 aliter)¹
788 739 872 798 areat,
894 747 972 804 quam
993 732 1015 786 si
1035 739 1077 786 ter

110 815 123 870 i
123 815 192 871 uerit
204 815 385 887 mancipatas:
403 813 518 872 Sabinas
531 823 558 870 et
568 814 677 870 Cassius
690 817 828 888 oeterIque
840 824 956 872 nostrae
968 814 1076 871 scholae

59 972 61 975 Ι
108 908 238 955 auctores
253 896 380 954 sufficere
395 915 475 954 unam
496 901 718 972 mancipationem
734 899 923 963 crediderunt;
943 891 1075 956 'etenim²

109 992 167 1040 tres
182 983 244 1057 iege
258 999 305 1040 x11
318 983 466 1039 tabularum
484 984 515 1039 ad
530 983 695 1040 uoluntarias
709 985 917 1058 nranoipationes
930 985 1075 1057 pertinere.

174 1066 227 1126 80.
251 1067 323 1124 Haec
344 1068 381 1123 ita
402 1070 436 1124 de
459 1068 500 1124 his
524 1069 666 1142 personis,
690 1084 760 1141 quae
777 1071 803 1124 in
820 1076 957 1142 potestate
972 1060 1074 1144 (sant),

108 1155 168 1208 siue
186 1170 218 1210 en
234 1161 376 1209 contractu
390 1154 449 1208 siue
470 1170 503 1209 er
519 1152 656 1209 maleficio
674 1169 765 1208 earum
782 1152 987 1210 ’controuersia
1004 1145 1075 1209 sit:³

108 1238 183 1311 quod
205 1253 272 1294 uero
296 1237 328 1292 ad
344 1252 392 1294 eae
412 1254 559 1311 personas,
582 1254 651 1311 quae
671 1238 698 1292 iu
715 1253 794 1292 macru
815 1239 985 1310 mancipioue
1000 1246 1074 1306 sunt,

109 1324 148 1379 ita
162 1323 205 1378 ius
221 1321 334 1393 dicitur,
357 1331 388 1378 ut
404 1339 465 1379 cum
481 1338 513 1378 ex
529 1328 675 1378 contractu
697 1338 788 1378 earum
804 1315 955 1396 ’agotum⁴
976 1323 1026 1378 nisi
1042 1321 1074 1377 ab

108 1423 159 1477 eo,
177 1408 252 1463 euius
273 1407 324 1462 iuri
344 1405 480 1463 subiectae
501 1407 571 1475 sint,
593 1405 753 1462 insolidum
777 1406 971 1478 defendantur,
993 1406 1074 1478 bona,

110 1508 183 1563 quae
197 1508 286 1547 earum
303 1490 395 1548 satura
410 1491 517 1565 forent,
540 1493 564 1546 si
584 1493 647 1548 eins
667 1493 722 1546 iuri
741 1489 876 1548 subiectae
897 1508 952 1548 noa
973 1499 1075 1563 essent,

109 1584 244 1631 areneaat:
267 1575 314 1631 sed
329 1592 390 1632 cum
405 1575 532 1633 'rescissa
548 1580 655 1648 capitis
670 1577 858 1634 deminutione
875 1594 939 1633 curn
957 1569 1012 1632 iie⁵
1026 1577 1075 1631 im·

108 1661 186 1732 perio
202 1661 351 1716 continenti
371 1661 472 1718 iudicio
495 1661 610 1735 agitur,
628 1654 632 1739 t
649 1665 675 1718 ai
689 1663 833 1718 aduersas
853 1677 915 1718 eam
932 1664 1073 1717 actionem
1083 1669 1140 1717 219.

108 1762 167 1800 non
182 1745 393 1817 defendantur,
416 1749 502 1802 etiam
525 1762 589 1803 cnm
612 1749 677 1816 ipsa
700 1749 835 1814 muliere,
856 1747 922 1801 dnm
943 1747 969 1800 iu
987 1761 1073 1800 nnana
1087 1735 1104 1775 ²·
1119 1743 1137 1772 ⁵·

109 1837 167 1901 est,
197 1833 245 1903 api
269 1836 380 1903 potest,
409 1835 478 1902 qaia
506 1838 564 1886 tam
594 1833 698 1886 tatoris
721 1833 883 1886 auctoritas
904 1831 1073 1886 necessaria

40 1937 94 1991 [293]
109 1933 167 1971 non
190 1908 258 1971 eet.⁰
502 1945 883 1953 ————--—
898 1931 937 1972 vv.
959 1911 1073 1972 3-24.

481 1993 547 2076 181.
570 2000 656 2068 'Quia
676 2016 744 2073 ergo
765 2004 827 2057 est?
848 2000 952 2055 etiarnsi
975 2000 1003 2057 ei
1024 1991 1071 2076 (de
1082 2007 1138 2111 9,th

181 2140 201 2207 ¹)
216 2145 294 2193 aliter
305 2141 369 2210 (alit)
377 2145 404 2193 in
412 2146 489 2207 finem
499 2143 590 2201 reieci,
601 2148 629 2190 nt
637 2150 787 2207 appareret,
799 2157 849 2205 qna
860 2142 891 2191 de
902 2156 982 2191 eausa
993 2140 1073 2189 tibra-

109 2217 166 2265 riae
180 2215 244 2265 haee
257 2216 380 2265 omiserit.
437 2210 459 2280 ²)
474 2214 575 2274 atillam
595 2212 622 2262 V
623 2209 650 2263 aa·
672 2221 694 2262 et
704 2214 757 2263 illas
769 2212 873 2280 (deinde
884 2219 932 2261 tres
943 2210 1013 2276 legis)
1024 2211 1073 2261 Kr.

108 2288 148 2337 ed.
158 2297 178 2337 2.
234 2281 256 2352 ⁸)
271 2285 316 2335 Eae
329 2285 429 2335 Bluitm.
444 2285 517 2345 Son,
534 2301 599 2351 quae
610 2286 707 2349 finiant
721 2288 748 2333 in
760 2325 765 2337 .
776 2324 781 2336 .
791 2324 796 2336 .
807 2324 813 2335 .
824 2284 859 2333 sia
873 2285 919 2333 iet.
936 2290 1000 2331 esset
1015 2282 1074 2332 edd.

109 2355 131 2421 ⁴)
141 2364 253 2420 ageretur
262 2357 288 2408 0.
297 2358 356 2407 edd.
395 2354 416 2421 ⁶)
427 2356 574 2407 Secundum
586 2352 631 2405 Vae
639 2358 764 2419 scriptam
772 2356 955 2419 fuiocepataai
964 2353 1075 2403 roissakd

107 2429 161 2479 ciis.
200 2424 222 2492 ⁶)
236 2427 395 2478 Sententiam
409 2429 446 2477 ita
455 2429 515 2491 sere
525 2429 631 2493 perfeci
642 2424 747 2477 ‘Gaiae'
756 2444 784 2491 p.
794 2437 839 2479 lta.
860 2426 946 2476 Aliter
961 2425 1079 2488 Rndorff

107 2500 158 2549 Ed.
169 2507 272 2563 perpet.
282 2516 310 2563 p.
320 2512 354 2551 59.
375 2507 484 2549 tutorem
493 2514 624 2563 personae
639 2500 719 2549 alieni
736 2500 803 2547 inrie
822 2498 909 2547 dutum
924 2504 1016 2549 contra
1032 2498 1073 2545 ine

107 2573 184 2621 eicite
198 2578 322 2621 statuens.
334 2598 366 2606 -
379 2569 453 2619 Haec
465 2571 581 2633 fortasse
596 2569 667 2636 (nam
677 2571 738 2633 inp.
750 2582 788 2621 219
800 2569 866 2618 nileit
872 2583 958 2632 paene
963 2576 1073 2631 praeter

102 2644 222 2707 paucula
236 2642 362 2707 quaedam
376 2649 401 2690 et
409 2642 511 2691 incerta
521 2640 677 2707 tepipatnit)
688 2656 719 2689 ea
728 2642 814 2689 statim
825 2646 992 2702 exceperunt,
1008 2654 1073 2702 qnae

106 2714 183 2764 nabet
192 2729 237 2778 pr.
253 2713 274 2765 Ι.
293 2714 317 2762 si
330 2712 423 2777 quadr.
430 2728 512 2777 paup.
523 2712 555 2779 (4,
565 2714 597 2777 8),
611 2712 659 2761 sed
667 2718 766 2760 tantam
775 2711 883 2760 haecce:
903 2706 1073 2758 ‘Animatinm

106 2786 222 2842 nomine,
242 2800 307 2849 qaae
326 2785 428 2833 ratione
447 2791 546 2842 carent,
564 2785 590 2832 ei
607 2799 658 2848 pac
678 2783 788 2832 lascinia
807 2788 853 2831 ant
868 2782 977 2843 feruore
999 2777 1073 2845 (aliia

109 2852 246 2920 ‘pauore')
265 2862 312 2904 ant
326 2856 434 2918 feritate
448 2857 603 2918 pauperiem
619 2855 746 2917 fecerint,
767 2853 872 2902 nonalia
887 2853 955 2901 actio
971 2853 1026 2916 tepe
1040 2861 1076 2894 aru

105 2928 255 2977 tabularum
272 2926 382 2989 prodita
405 2933 457 2975 est:
474 2942 540 2990 qaae
559 2926 683 2976 animatia
702 2926 726 2973 ei
744 2939 830 2974 nonae
849 2922 991 2979 dedantur,
1006 2937 1072 2986 pra·

101 3000 199 3061 ficiunt
208 3013 253 3047 reo
264 2997 300 3047 ad
308 2997 494 3054 liberationem,
509 2999 571 3061 qnia
585 2996 625 3048 e'ta
640 2999 684 3045 tex
697 3006 733 3038 uu
744 2994 794 3044 tab.
809 2996 911 3057 scripta
926 2990 983 3042 est?
1015 2992 1072 3042 Non

105 3072 184 3119 etiam
198 3074 295 3127 cetera,
309 3083 375 3132 qnae
389 3067 427 3118 ibi
435 3076 587 3133 sequnntur,
602 3082 666 3131 puae
682 3066 788 3115 alicnde
798 3072 886 3115 assata
898 3080 952 3114 esee
963 3071 1072 3114 coastat.

109 3140 192 3190 Gaiae
206 3146 299 3190 eontra
313 3146 374 3202 poet
386 3138 457 3189 'iaec
471 3140 572 3188 dixisse
591 3139 706 3197 videtur,
726 3137 793 3186 ittae
811 3137 921 3187 omnium
939 3137 1073 3186 noxatinm

106 3214 238 3261 actionum
253 3226 382 3260 commane
396 3226 464 3268 erse,
479 3210 549 3275 qnod
561 3211 586 3259 ei
599 3224 690 3259 cervas
705 3210 745 3257 oet
758 3210 856 3257 animat
870 3215 929 3257 ante
944 3208 997 3257 titia
1013 3222 1073 3256 aaa·

105 3283 269 3332 testationem
282 3289 408 3332 morinum
422 3283 469 3339 eit,
489 3282 595 3331 nonalis
613 3282 683 3331 aetio
702 3281 887 3345 exstingnuntur
906 3278 949 3341 (L.
965 3290 983 3327 1.
1000 3280 1022 3339 ξ.
1039 3289 1072 3329 18.

106 3353 139 3404 D.
155 3354 181 3403 ei
194 3353 287 3418 quadr.
298 3364 318 3415 9,
329 3366 348 3403 1.
361 3352 393 3401 L.
403 3364 437 3403 39.
453 3354 476 3415 ξ.
486 3365 507 3403 4.
527 3352 560 3401 L.
575 3364 609 3403 26.
624 3354 648 3414 §-
663 3363 684 3402 4.
704 3350 736 3399 D.
752 3351 784 3399 de
798 3351 888 3399 namet.
902 3361 924 3410 9,
938 3348 971 3414 4).
991 3348 1074 3396 Attae

106 3426 177 3474 iaris
195 3440 262 3483 esee,
280 3426 305 3473 ei
318 3431 381 3487 poet
394 3424 449 3473 titis
468 3425 679 3474 contestationem
693 3424 734 3471 rei
748 3423 824 3485 σπῖρα
839 3421 967 3470 moriatur
983 3417 1025 3483 (L.
1040 3430 1074 3471 16.

179 3544 204 3617 ξ.
221 3551 263 3599 te.
286 3547 325 3613 Cf.
340 3560 361 3610 1,
375 3559 480 3613 uoreq.
501 3555 552 3599 litei
564 3559 609 3599 1³6.
630 3549 662 3598 L.
678 3560 697 3600 e.
714 3548 737 3609 ἓ.
753 3558 774 3597 t.
794 3546 827 3596 t).
839 3546 870 3594 de
882 3545 946 3595 hom.
958 3542 1001 3593 tia.
1012 3544 1072 3593 each.

106 3618 153 3686 (aa,
168 3620 212 3686 aa).
274 3614 299 3687 ξ.
315 3622 357 3671 80.
379 3619 416 3683 Cf.
430 3632 452 3683 a,
466 3632 500 3672 ee.
519 3632 540 3682 a,
555 3631 589 3671 ee.
609 3632 630 3682 1,
645 3631 691 3671 aaa.
707 3630 754 3669 aee.
779 3617 834 3681 Uip.
851 3628 883 3679 11,
898 3628 931 3667 ea.
