2550 4000
213 214 273 279 182
520 233 582 268 eun
599 233 705 268 mauro.
725 216 745 269 1.
764 220 875 270 36—39.

128 443 130 446 ι
211 377 235 430 si
250 389 348 430 seruus
368 375 396 428 iu
411 376 417 440 Ι
433 373 512 429 bonis
529 375 592 446 tuis,
612 391 646 430 en
660 377 719 431 iure
734 375 880 443 Quiritium
896 391 973 431 meus
989 377 1051 442 erit,
1067 373 1188 429 Latinus

212 457 319 532 quidem
337 461 341 524 Ι
358 473 372 512 a
394 468 420 514 te
435 457 496 514 solo
512 457 571 514 fieri
586 468 688 533 potest,
711 462 803 517 iterari
819 469 909 516 autem
923 477 940 515 a
953 477 1008 531 me,
1026 475 1084 514 non
1100 461 1188 514 etiam

212 559 226 598 a
243 551 269 598 te
285 550 378 616 potest
393 551 420 599 et
438 560 470 599 eo
486 542 568 600 modo
584 561 661 601 meus
675 544 789 601 libertus
806 544 846 602 fit.
876 553 920 600 set
934 553 963 600 et
978 546 1075 600 ceteris
1093 542 1185 598 modis

213 629 218 690 Ι
234 629 276 682 ius
289 625 433 694 Quiritium
449 637 610 684 consecutus
626 645 702 685 meus
718 629 834 685 libertus
849 629 890 686 iit.
918 627 1063 702 bonoirum
1079 636 1185 699 autem,

212 728 281 785 quae
297 729 369 769 nuno
388 706 451 768 aut¹
476 729 536 768 oum
557 715 579 768 is
595 715 741 785 morietur,
765 715 922 788 reliquerit,
946 713 994 770 tibi
1016 714 1161 786 possessio
1179 716 1183 784 Ι

190 854 194 859 ,
211 797 301 867 datur,
314 813 478 869 quocunque
490 796 570 853 modo
582 799 623 854 ius
632 797 776 866 Quiritium
788 799 870 854 iuerit
881 802 1064 864 consecuitus.
1082 797 1184 869 quodsi

211 883 288 936 cuius
304 889 332 936 et
343 883 370 936 iu
382 880 462 937 honis
474 889 501 937 ot
513 898 545 938 ex
556 883 615 938 iure
626 881 772 950 Quiritium
784 885 822 939 sit
831 885 1021 955 manumissus,
1036 881 1069 938 ab
1082 882 1183 938 eodem

210 965 315 1022 scilicet
329 975 357 1021 et
371 964 482 1022 Latinus
498 964 558 1021 fieri
569 976 666 1040 potest
680 976 709 1023 et
722 969 766 1024 ius
781 966 927 1035 Quiritium
941 968 1082 1040 consequi.

274 1047 324 1107 36.
348 1053 413 1108 Non
437 1059 533 1108 tomen
555 1057 726 1124 cuicumque
747 1056 857 1109 uolenti
876 1056 1078 1109 manumittere
1099 1055 1180 1108 ticet.
1192 1061 1241 1112 ind

209 1130 256 1192 37
272 1135 397 1209 Nomio,
413 1140 463 1211 qui
476 1138 504 1191 in
520 1135 642 1192 fraudem
653 1137 820 1194 creditorum
837 1135 903 1192 nel'
896 1152 924 1192 tu
939 1137 1059 1192 iraudem
1070 1139 1182 1210 patroni

209 1223 386 1292 manumittit,
402 1221 469 1278 nihil
484 1223 551 1296 agit,
568 1223 630 1294 quia
645 1222 689 1278 lex
700 1222 776 1278 delia
787 1221 880 1278 Seutia
895 1221 999 1295 inpedit
1014 1221 1181 1279 libertatem.

208 1302 256 1364 88.
277 1305 344 1361 item
366 1307 458 1363 eadem
480 1306 541 1379 lege
562 1308 659 1363 minori
674 1325 716 1364 xx
737 1323 871 1363 annornm
891 1305 1001 1362 domino
1022 1323 1077 1362 uon
1100 1305 1181 1361 aliter

158 1398 199 1452 10.
212 1391 402 1447 manumittere
424 1392 605 1464 permittitur,
633 1408 713 1463 quam
741 1394 765 1446 si
787 1389 905 1447 uindicta
929 1393 1004 1464 apud
1024 1384 1180 1467 oonlsiiium

208 1474 279 1530 iusta
290 1489 370 1530 eausa
381 1475 601 1531 manumissionis
613 1475 761 1548 adprobata
772 1469 1001 1532 ’manumiserit.²
1025 1471 1076 1532 39.
1088 1475 1179 1531 iustae

209 1567 298 1614 autem
321 1575 418 1615 causae
440 1559 659 1615 manumissionis
681 1571 746 1616 sunt
768 1561 854 1616 ueluti
877 1563 900 1616 si
922 1562 984 1633 quis
1006 1569 1109 1633 patrem
1130 1571 1180 1614 aut

165 1649 167 1652 '
208 1650 319 1698 matrem
342 1653 388 1700 aut
409 1645 599 1719 paedagogum
621 1654 670 1700 aut
691 1645 894 1701 conlactaneum
917 1647 1098 1702 manumittat.
1127 1646 1179 1700 sed

208 1736 235 1782 et
250 1727 313 1783 iliae
328 1745 435 1801 causae,
457 1745 525 1803 quas
540 1731 666 1802 superius
685 1732 714 1786 in
728 1746 811 1785 seruo
834 1731 938 1785 minore
959 1749 1024 1786 xxx
1043 1747 1178 1787 annorum

207 1813 392 1886 exposuimus,
408 1815 528 1870 adhunc
544 1831 654 1888 quoque
669 1832 772 1886 casum,
792 1814 827 1870 de
843 1831 897 1888 quo
913 1814 1060 1888 loquimur,
1077 1815 1178 1871 adferri

207 1907 334 1968 possunt.
379 1899 444 1954 item
467 1915 499 1954 er
522 1898 631 1955 diuerso
655 1900 704 1954 hae
726 1915 837 1970 causae,
867 1917 935 1971 quas
957 1899 985 1954 in
1007 1902 1113 1956 minore
1133 1919 1177 1958 xx

207 1996 341 2038 annorum
364 1982 474 2041 domino
497 1982 671 2056 rettulimus,
693 1986 798 2059 porrigi
819 1993 937 2057 possunt
958 1994 987 2040 et
1008 1984 1040 2040 ad
1063 2001 1176 2041 seruum

205 2153 309 2203 dubium
328 2156 460 2205 vocandus
479 2171 529 2205 non
548 2162 613 2204 erat.
688 2152 710 2219 ἔ)
731 2155 785 2205 Per
799 2157 888 2204 claros
906 2157 1008 2204 litteras
1023 2158 1177 2221 stupratores

207 2225 232 2274 0.
251 2224 341 2275 Omisit
354 2224 407 2276 Kr.
423 2228 462 2278 ed.
478 2237 499 2275 2.
514 2228 542 2275 in
562 2234 685 2276 contemtu
704 2242 754 2291 quo
770 2227 845 2286 facto
864 2243 887 2275 a.
908 2228 928 2275 is
947 2229 1033 2277 alieno
1053 2230 1110 2277 loeo
1125 2243 1175 2290 po·

204 2298 256 2345 sito
267 2298 340 2359 ferri
354 2314 404 2347 uon
415 2304 510 2361 potest,
525 2305 549 2346 et
558 2299 693 2355 miramur,
708 2298 778 2361 quod
790 2299 856 2347 cinis
866 2296 937 2347 Rom.
949 2298 1037 2347 liberti
1050 2291 1176 2348 bonorum

200 2370 384 2430 possessionis,
403 2384 454 2418 non
468 2368 622 2417 hereditatis
635 2371 729 2417 mentio
740 2370 778 2431 fit.
807 2368 946 2434 Intellepe:
964 2384 1035 2428 nnuc,
1050 2386 1107 2419 eum
1120 2369 1175 2419 Lo·

204 2439 275 2486 tinas
285 2440 389 2487 ciuitate
399 2440 496 2489 mutata
506 2442 627 2489 maiorem
643 2439 726 2500 (immo
736 2441 882 2498 marimum,
897 2441 967 2504 quod
979 2456 1046 2491 nova
1057 2440 1176 2490 Romana

205 2510 298 2557 civitas
321 2524 355 2557 em
378 2512 501 2559 servitute
525 2518 607 2559 ortom
627 2509 769 2560 libertatem
787 2512 813 2560 ei
831 2509 959 2577 assipnot)
979 2513 1074 2575 eapitis
1095 2513 1175 2561 demi-

204 2581 334 2629 nutionem
348 2595 446 2645 possus
459 2583 535 2631 etiam
554 2581 620 2632 iona
639 2597 687 2631 sua
702 2584 808 2641 omittit,
827 2598 893 2646 quoe
911 2582 948 2631 od
965 2585 1177 2633 manumissorem

109 2688 115 2699 .
204 2666 256 2700 non
275 2652 328 2700 nisi
346 2652 416 2701 Data
434 2651 456 2701 b.
468 2669 496 2716 p.
513 2669 544 2702 ne
558 2654 694 2716 pertinere
708 2660 834 2717 possunt,·
852 2660 878 2703 et
896 2654 991 2703 deinde
1004 2669 1058 2703 curn
1075 2655 1096 2703 is
1111 2653 1176 2718 (iam

205 2724 271 2771 civis
285 2722 356 2773 Rom.
369 2722 469 2789 foetus)
484 2725 593 2782 moritur,
612 2740 661 2773 nec
679 2741 746 2790 quoe
764 2732 816 2774 tum
830 2726 924 2774 omittit
938 2724 1005 2774 bona
1018 2725 1175 2775 hereditatis

204 2795 262 2843 iure
280 2809 315 2843 en
333 2799 386 2841 XII
402 2795 497 2845 tabuiis
515 2797 552 2845 od
568 2812 637 2855 eum,
657 2798 702 2860 qui
720 2812 777 2845 cum
798 2811 850 2845 non
869 2812 904 2845 ece
922 2798 940 2845 i.
959 2794 986 2856 Q.
995 2798 1069 2845 -iuste
1083 2812 1174 2845 monu-

203 2868 317 2924 miserot,
327 2869 468 2929 peruenire
478 2875 609 2931 poterunt.
647 2866 717 2916 Sane
735 2867 798 2917 nuic
812 2883 863 2917 non
875 2869 948 2930 fouet
962 2882 1000 2926 ea,
1022 2883 1088 2932 quae
1102 2884 1174 2917 nune

203 2936 351 2986 dominatur
367 2937 440 3000 falsa
459 2939 491 2987 de
506 2955 562 3002 cop.
579 2939 752 2988 deminutione
766 2939 896 2988 doctrino.
924 2937 978 2987 Sed
990 2941 1069 3004 tonpo
1083 2939 1173 3001 dispu-

203 3009 268 3056 tatio
281 3010 407 3057 rotionem
425 3011 502 3058 etiam
521 3009 617 3059 hahens
639 3009 699 3059 Gaii
712 3021 733 3066 a,
749 3022 774 3061 11
793 3010 871 3058 huius
890 3011 942 3059 toci
960 3025 1012 3059 non
1026 3017 1072 3059 est.
1110 3010 1172 3058 Viti.

203 3084 287 3125 autem
297 3084 406 3139 praeter
421 3092 441 3136 1,
456 3092 496 3131 160
511 3080 547 3129 od
559 3092 580 3138 2,
595 3092 634 3133 151
649 3087 738 3130 notata
752 3088 777 3129 et
790 3092 811 3139 s,
827 3092 873 3131 158.
956 3076 977 3143 ¹)
992 3082 1064 3130 inerit
1080 3080 1106 3129 C.
1127 3077 1175 3129 W
1200 3102 1214 3131 o

205 3148 263 3197 edd.
287 3148 325 3211 Of.
340 3148 404 3198 Inst.
418 3147 465 3218 [si]
480 3146 577 3219 [tuerit]
591 3152 630 3200 ed.
647 3151 696 3201 Kr.
712 3164 732 3201 2.

202 3252 416 3263 .-—--—.

274 3304 317 3377 ἓξ.
333 3312 376 3360 36.
392 3312 434 3361 st.
450 3332 484 3351 --
494 3326 539 3373 pr.
554 3310 576 3359 I.
592 3311 660 3376 quib.
675 3327 710 3361 ex
729 3327 800 3363 eous.
819 3328 928 3361 manum.
945 3310 976 3377 (1,
992 3308 1025 3378 6).
1054 3311 1093 3374 Of.
1114 3310 1170 3375 Uip.

202 3392 271 3439 1,15.
318 3376 343 3448 ξ.
359 3383 402 3431 38.
419 3383 489 3443 εξ.
504 3394 525 3431 t.
545 3381 634 3431 Laod.
658 3382 696 3447 Cf.
716 3382 772 3446 mp.
787 3395 808 3441 1,
823 3395 857 3434 ts.
883 3384 926 3433 dr.
941 3382 1042 3436 Dosittt.
1057 3394 1091 3433 ts.
1110 3382 1173 3431 Lem

202 3452 275 3501 dian
295 3450 367 3515 saep.
382 3464 415 3503 es.
440 3451 472 3501 L.
487 3464 508 3503 a.
529 3452 555 3504 0.
570 3453 602 3502 de
621 3460 678 3503 test.
697 3455 750 3503 not.
770 3453 807 3518 (o,
826 3454 871 3518 21).
944 3451 969 3522 ξ.
985 3457 1027 3505 39.
1044 3454 1083 3518 Of.
1099 3466 1170 3511 1,1s.

201 3524 224 3585 ς.
239 3532 259 3573 a.
284 3522 388 3587 Lquib.
409 3539 444 3573 eu
458 3540 481 3575 o.
501 3534 609 3573 manum.
630 3524 663 3588 (1,
677 3523 709 3587 a).
733 3525 765 3573 L.
780 3536 801 3575 s.
821 3537 917 3575 11-1e.
934 3537 966 3576 19.
982 3537 1016 3576 no.
1030 3535 1065 3577 sa.
1088 3526 1122 3574 1).
1137 3526 1170 3574 de

200 3608 309 3642 ananam.
332 3596 401 3644 vind.
421 3592 471 3661 (to,
490 3594 521 3661 i).
550 3595 582 3643 L.
603 3606 636 3645 21.
665 3596 698 3644 D.
718 3598 763 3659 qui
780 3603 805 3644 et
818 3612 835 3643 a
853 3596 920 3659 quib.
943 3612 1052 3652 monum.
1071 3595 1117 3660 (40,
1136 3596 1169 3661 9).
