2550 4000
346 183 348 188 ¹
399 217 458 252 ann
476 217 573 252 marm.
592 198 613 255 Ι,
635 203 775 254 185-188.
1005 201 1066 264 217
1083 277 1086 283 Ι

101 376 158 415 non
179 367 297 433 poterat,
321 360 388 416 alins
407 358 531 431 dabatur,
555 375 608 432 quo
625 367 736 414 auctore
754 359 822 433 legis
837 360 908 414 aetio
923 375 1068 434 peragere·

101 451 163 499 tur:
187 444 234 516 qui
250 445 390 501 dicebatur
405 445 559 519 praetorius
573 438 684 516 ’tutor,¹
708 445 770 517 quia
785 461 799 499 a
821 452 948 517 praetore
964 443 1067 500 urbano

101 521 257 605 da(ba)tur.
296 537 339 585 set
361 538 424 603 post
446 527 565 584 sublatas
590 528 660 602 legis
683 530 804 584 actiones
831 528 938 601 quidam
961 536 1066 602 putant,

103 613 173 668 hano
187 615 305 687 speeiem
322 614 401 669 dandi
415 615 515 669 tutoris
537 615 565 676 in
585 630 636 669 usu
659 629 720 669 esse
742 613 862 681 desisse3
885 613 946 670 aliis
960 608 1068 670 autem²
1142 610 1146 618 ’

102 697 207 770 plaoet;
224 695 262 754 'et
276 714 349 754 nune
362 700 390 754 in
407 715 456 755 usn
471 713 548 770 esse,
564 698 585 753 si
602 697 725 770 legitimo
741 699 841 754 indicio
857 690 979 771 agatur-‚³

165 777 230 839 185.
248 781 275 838 Si
291 784 333 839 oui
350 782 440 838 nullus
456 784 566 838 omnino
579 790 656 838 tutor
670 784 716 854 sit,
732 784 756 838 ei
767 782 848 838 datur
862 783 890 838 in
907 781 973 838 urbe
985 781 1068 837 Roma

102 883 134 922 ex
150 861 212 940 logie
228 867 306 923 Atilia
328 883 342 922 a
363 874 488 940 praetore
504 866 609 923 urbano
626 875 653 922 et
676 868 776 922 maiore
797 875 875 941 parte
897 865 1069 922 tribunorum

102 951 198 1027 plebis,
220 951 411 1025 quintilianus
432 960 507 1007 tutor
523 959 652 1020 uocatum
674 953 701 1007 in
716 953 864 1025 prouinciis
880 967 946 1006 uero
963 968 976 1006 a
992 967 1069 1025 prae·

102 1035 205 1091 sidibus
221 1037 423 1109 prouinciarum
438 1031 506 1114 (aaa)
522 1035 583 1110 lego
605 1035 670 1092 lulla
686 1043 714 1091 ot
729 1035 809 1092 l'itia.
838 1029 903 1092 188.
922 1033 1030 1091 ntideo
1046 1037 1069 1091 si

101 1121 145 1176 cui
161 1127 324 1176 testamento
341 1129 419 1177 tutor
433 1120 483 1176 sub
500 1120 660 1178 condicione
676 1127 723 1175 aut
738 1136 770 1175 ex
782 1120 823 1175 die
839 1129 914 1176 certo
930 1120 1009 1176 datus
1024 1122 1069 1191 sit,

101 1205 230 1278 quamdiu
252 1205 374 1261 condicio
397 1213 444 1260 aut
460 1205 517 1260 dies
532 1204 645 1278 pendet,
667 1212 744 1261 tutor
759 1203 816 1259 dari
836 1212 944 1278 potost3
966 1205 1030 1260 item
1047 1207 1070 1260 si

101 1305 172 1362 pure
188 1289 268 1344 datos
284 1289 377 1360 luerit,
400 1288 528 1362 quamdiu
550 1305 630 1344 nemo
646 1290 725 1345 heros
742 1290 850 1362 existat,
874 1288 974 1344 tamdiu
990 1305 1022 1344 er
1037 1290 1070 1344 ais

28 1385 88 1437 [aaa]
104 1373 213 1447 legibus
230 1380 306 1429 tuton
319 1373 454 1447 petendus
470 1381 526 1447 est,
543 1375 589 1447 qui
605 1373 702 1430 desinit
718 1380 794 1430 tutor
809 1390 878 1446 esse,
894 1382 1069 1447 posteaquam

104 1457 202 1530 aliquis
218 1475 250 1514 ex
267 1465 427 1514 testamento
451 1465 528 1514 tutor
550 1474 609 1513 esse
631 1460 763 1532 coeperit.
799 1454 863 1516 lot.
885 1457 926 1513 Ab
942 1457 1070 1514 hostibus
1171 1467 1176 1476 ·

15 1617 16 1622 ¹
104 1558 215 1634 quoqqe
230 1550 323 1598 tutore
338 1551 416 1616 capto
434 1559 465 1598 er
481 1544 524 1599 lais
540 1541 648 1616 legibus
669 1551 745 1598 tutor
767 1544 823 1617 peti
845 1543 935 1615 debet,
960 1544 1006 1617 qui
1022 1543 1070 1598 de-

102 1627 167 1681 sinit
193 1635 270 1682 tutor
291 1644 361 1699 esse,
383 1629 406 1682 sl
427 1628 460 1699 is,
485 1629 530 1700 qui
546 1635 643 1701 captus
658 1637 708 1698 est,
731 1627 759 1683 ln
784 1629 920 1684 ciuitatem
942 1643 1070 1683 reuersus

104 1711 199 1766 luerit:
220 1727 280 1767 nam
297 1727 424 1767 reuersus
440 1702 537 1786 recipit
551 1711 665 1769 tutelam
681 1714 740 1768 iore
757 1711 927 1785 postliminii.
951 1707 955 1788 l

165 1793 234 1854 188.
251 1794 287 1851 Eu
303 1797 346 1852 lais
362 1804 483 1872 apparet,
500 1804 567 1870 quot
579 1799 633 1853 siut
646 1790 768 1871 species⁴
783 1797 941 1853 tutelarum.
967 1797 989 1852 si
1003 1813 1069 1851 uero
1079 1798 1121 1848 50.

103 1897 279 1954 quaeramus,
297 1883 325 1936 iu
341 1889 408 1953 quot
424 1898 524 1956 garrera
539 1881 589 1936 hae
604 1884 709 1958 species
726 1881 904 1952 deducantur,
919 1881 1002 1955 longa
1018 1883 1070 1937 erit

103 1966 268 2040 disputatio:
291 1982 352 2022 nam
375 1966 408 2022 de
431 1983 460 2023 ea
483 1983 513 2022 re
536 1966 615 2023 ualde
637 1974 746 2023 ueteres
769 1965 975 2024 dubitauerunt.
1015 1965 1070 2021 Nos

101 2044 195 2125 ’qutai
210 2048 369 2122 diligentius
384 2052 458 2107 huno
474 2059 618 2107 tractatum
635 2054 755 2108 exsecuti
779 2069 873 2108 sumus
896 2061 924 2107 et
944 2054 971 2108 in
990 2052 1071 2107 edicti

103 2136 338 2209 interpretatione,
355 2144 383 2191 et
397 2137 424 2192 in
439 2136 480 2191 his
496 2134 582 2208 libris,
600 2153 669 2210 quos
685 2154 717 2192 ex
733 2134 833 2204 Quinto
845 2136 932 2192 lluoio
948 2132 1071 2205 lecimus,

103 2222 157 2277 hoo
168 2212 283 2277 'solum6
293 2222 426 2295 tantisper
437 2220 538 2277 suflicit
550 2220 732 2292 admonuisse,
745 2221 818 2293 quod
831 2220 938 2295 quidam
952 2222 1072 2294 quinque

103 2320 204 2381 genera
219 2321 279 2361 esse
294 2304 429 2377 dixerunt,
446 2312 477 2361 ut
492 2302 608 2373 Quintus
626 2305 746 2377 lluaius3
770 2305 816 2362 alii
830 2306 889 2376 tria,
913 2314 943 2362 ot
959 2304 1070 2361 Seruios

102 2406 316 2415 .--——a—

100 2451 159 2513 fere
174 2452 285 2507 litterae,
300 2464 365 2513 qaae
380 2464 436 2497 oum
450 2447 523 2499 Sada
538 2448 589 2497 elaa
603 2464 659 2499 ease
668 2451 788 2513 potuisse
802 2451 873 2499 uisae
886 2453 939 2499 sisu
948 2444 1069 2513 (maleae.

103 2529 132 2571 at
145 2523 214 2571 aliae
228 2521 361 2583 explicato
375 2526 437 2569 noto
451 2518 506 2586 tut),
520 2522 643 2583 supplere
657 2523 731 2572 nolui
743 2536 784 2569 -or
796 2522 829 2585 qd
841 2542 876 2563 ε
890 2522 1069 2585 tutorquidem.

106 2590 126 2657 1)
140 2593 228 2641 tutelae
252 2591 279 2640 V
280 2588 301 2623 st
318 2592 384 2641 male
402 2593 535 2654 explicato
555 2599 616 2641 nota
630 2598 674 2642 tut.
689 2599 718 2641 at
731 2595 814 2655 paulo
827 2598 889 2656 post
899 2607 951 2655 pro
970 2606 983 2641 a
1002 2594 1071 2642 aeri-

99 2671 173 2727 ptum
187 2670 225 2713 est
239 2669 286 2712 aut.
352 2657 374 2728 ²)
389 2660 434 2710 Ex
452 2662 480 2710 V
481 2658 513 2724 st,
523 2677 576 2726 pro
590 2670 670 2711 autem
684 2664 760 2713 etiam
775 2678 833 2713 uero
849 2664 967 2725 suppleri
976 2668 1070 2725 potest.

105 2732 125 2801 ³)
141 2734 186 2783 Em
206 2730 255 2783 V't
273 2734 349 2782 etiam
364 2734 416 2797 lepi
431 2734 617 2796 potestatione
634 2749 704 2784 corr.
719 2734 805 2783 adhue.
857 2729 880 2798 ⁴)
894 2732 940 2781 Eat
958 2729 1003 2780 V't
1017 2740 1071 2781 sta-

103 2814 176 2856 tuere
190 2808 263 2864 lieet,
282 2804 421 2853 librarium
435 2820 458 2853 a.
478 2804 526 2853 sint
540 2806 616 2854 etiam
631 2812 693 2868 post
710 2805 807 2869 species
821 2802 937 2853 seribere
951 2805 1071 2853 voluisse.

104 2876 125 2943 ⁸)
141 2878 181 2941 qai
198 2876 224 2926 0.
290 2872 311 2941 8)
326 2882 402 2924 toturn
419 2874 445 2924 0.
474 2877 567 2925 amittit
580 2884 674 2926 contra
690 2875 752 2924 Gaii
765 2890 859 2925 morem
874 2875 914 2924 ed.
929 2874 979 2923 Kr.
994 2888 1015 2926 a.
1083 2905 1093 2923 .

104 3025 150 3067 tat.
161 3016 193 3083 (1,
203 3016 248 3084 21).
263 3018 327 3082 legit.
339 3015 440 3086 iudicio]
452 3019 487 3081 af.
497 3030 518 3083 4,
530 3029 569 3069 103
578 3033 630 3083 aeq.
668 3014 694 3085 ὃ.
707 3018 766 3069 186.
778 3040 812 3059 =
818 3034 863 3082 pr.
873 3016 895 3066 I.
906 3018 939 3067 de
952 3016 1071 3068 Atiliano

105 3096 151 3138 tut.
171 3088 202 3154 (1,
221 3087 266 3152 ao).
296 3088 334 3152 Cf.
354 3088 410 3154 Uip.
425 3103 460 3152 11,
479 3102 513 3141 ro.
538 3089 611 3153 infra
630 3090 654 3151 §-
674 3100 721 3141 roa.
738 3118 770 3125 —
785 3089 846 3139 Lex
861 3088 934 3139 Ftaa.
949 3088 1021 3154 Satp.
1036 3101 1070 3142 29.

104 3161 119 3209 1.
139 3160 221 3221 Atilio]
241 3162 296 3209 lata
314 3168 374 3210 ante
392 3177 418 3212 a.
436 3172 483 3213 566.
507 3163 542 3225 as.
556 3160 616 3210 Lio.
631 3171 666 3221 tto,
685 3172 706 3212 9.
730 3161 745 3210 1.
765 3161 824 3209 lolia
843 3167 867 3209 et
886 3158 960 3230 Titia]
976 3162 1073 3211 incerti

103 3234 176 3289 anni,
191 3232 238 3281 sed
250 3232 317 3281 duae
332 3234 400 3296 tepea
411 3232 489 3295 suere
503 3231 629 3297 (meopte.
645 3243 665 3293 1,
680 3244 707 3283 20
716 3229 773 3299 pr.)
784 3232 901 3295 sortasse
915 3248 940 3283 a.
955 3244 1002 3284 aaa.
1033 3230 1071 3293 Os.

105 3299 211 3353 ‘Gaiae'
224 3318 252 3365 p.
268 3314 302 3353 31.
317 3313 351 3355 oa.
380 3302 436 3351 Iam
456 3304 539 3353 medio
558 3310 641 3353 tamen
655 3304 762 3366 septimo
780 3306 867 3353 secolo
887 3306 914 3352 in
924 3302 1072 3365 provinciis

103 3389 154 3424 aon
168 3373 321 3423 labentibus
335 3380 433 3423 tutores
448 3390 464 3422 o
475 3372 645 3437 praesidibus
658 3374 734 3423 datos
748 3390 815 3433 ease,
835 3379 945 3437 apparet
958 3387 993 3420 eae
1007 3370 1072 3420 Dio-

104 3446 161 3495 dor.
173 3446 212 3505 fr.
228 3444 271 3494 lib.
291 3443 430 3493 XXXVI.
450 3443 517 3494 Tam.
536 3444 570 3493 Χ.
581 3460 610 3507 p.
624 3455 673 3496 178.
688 3445 727 3494 ed.
742 3444 808 3509 Epa.
859 3439 885 3511 ξ.
902 3444 961 3493 186.
972 3463 1005 3483 =
1015 3442 1039 3503 ἓ.
1051 3456 1071 3492 1.

104 3515 175 3565 Lib.
227 3512 451 3583 §.187.=§.2.
471 3514 542 3566 Lib.
593 3510 618 3582 ξ
636 3516 696 3565 188.
714 3515 752 3574 Cf.
772 3514 829 3578 Uip.
844 3525 877 3577 11,
892 3526 912 3564 a.
932 3512 1023 3561 Boetia.
1037 3514 1073 3561 ad

107 3587 158 3637 Cia.
178 3586 239 3651 Tap.
256 3588 279 3647 §-
294 3598 327 3637 33.
343 3602 372 3649 p.
387 3597 435 3637 aaa.
450 3596 498 3637 335.
517 3585 587 3635 Bait.
