2550 4000
195 225 259 288 406
473 240 534 276 aun
552 241 652 277 neena.
671 221 716 280 IV.
736 227 877 278 tit-tte.

196 390 285 438 auteur
298 383 333 451 ei,
348 398 409 438 eum
421 397 476 455 qua
487 383 588 455 agitur,
604 389 651 436 aut
661 379 808 437 calumniae
818 379 946 436 iudicium
958 367 1096 451 opponere
1108 387 1156 434 aut

195 465 380 521 iusiurandum
395 467 515 540 exigere,
530 481 585 520 uun
596 463 743 521 calumniae
756 480 835 520 causa
849 479 940 538 agere.
972 456 1031 520 itt.
1042 461 1155 518 Cautra·

120 552 178 606 249.
196 550 266 604 rium
281 557 369 605 autem
384 549 513 605 iudicium
534 565 567 604 ex
586 549 668 606 certis
689 549 778 604 causis
800 537 1023 616 ’1511ῑί11ιί111,ι
1050 539 1053 622 (
1078 545 1156 602 uelut

195 633 219 688 ai
232 633 391 688 iniuriarum
405 642 512 706 agatur,
527 641 554 688 et
564 635 587 688 ai
598 648 660 688 eum
673 631 785 688 muliere
796 647 829 688 ea
839 632 947 687 numine
958 638 1065 705 agatur,
1078 629 1155 702 quod

194 709 332 772 ’dicatur²
355 718 458 772 uentris
479 717 587 772 naurire
614 716 642 771 ia
670 715 871 788 possessiouem
893 715 974 770 missa
995 712 1060 770 dela
1081 711 1154 769 malo

196 799 229 855 ad
242 799 324 856 aiiutu
339 801 538 873 possessionem
555 796 737 872 transtulisse,
752 806 780 856 et
795 801 818 854 si
833 801 894 873 quis
909 815 942 854 ea
958 799 1066 854 nomine
1081 806 1155 870 agat,

195 883 269 956 qued
283 883 364 952 «licat,
378 900 409 940 ae
422 900 438 938 a
452 891 579 957 praetere
593 885 621 939 iu
635 885 837 956 possessiouem
853 883 964 938 mistum
979 881 1013 938 ab
1027 881 1082 937 aiio
1098 897 1159 954 quo-

195 967 486 1024 admiaeumuaumse.
517 967 565 1023 sed
576 967 707 1024 aduersus
718 967 877 1022 iniuriarum
887 965 996 1040 quidem
1009 957 1155 1022 'actionesi

195 1051 318 1106 decimae>
333 1052 419 1124 partis
434 1051 523 1122 datur,
543 1051 675 1107 aduersus
691 1066 757 1106 uero
777 1050 844 1106 duas
859 1052 925 1106 istas
940 1051 1059 1123 quintae.
1088 1043 1153 1104 tte.

195 1133 322 1190 Seuerior
344 1142 434 1190 autem
456 1136 585 1192 coercitio
607 1130 650 1190 est
671 1135 902 1209 percontrarium
923 1133 1065 1192 iudicium:
1087 1148 1155 1188 uam

195 1218 344 1274 calumniae
364 1218 463 1275 iudicia
482 1218 520 1275 ἰ.
537 1212 643 1292 partis⁴
664 1234 743 1274 nemu
766 1217 911 1276 damnatur
932 1218 984 1273 atsi
1006 1217 1052 1290 qui
1073 1215 1154 1273 iutel-

194 1301 273 1376 legit‚
284 1317 340 1358 nau
350 1293 425 1358 reete
434 1317 465 1358 se
476 1318 569 1377 agere,
580 1302 628 1358 aed
640 1302 754 1359 uexaudi
764 1302 912 1358 aduersarii
923 1303 1008 1375 gratia
1019 1301 1155 1358 actionem

195 1387 327 1457 instituit,
349 1387 497 1459 potiusque
518 1402 550 1441 ea
571 1386 667 1442 iudicis
682 1402 775 1442 errore
790 1385 833 1442 uel
852 1386 995 1458 iniquitate
1011 1385 1155 1442 uictoriam

195 1478 287 1542 sperat
300 1485 381 1542 quatu
396 1486 429 1524 eu
443 1486 523 1525 eausa
538 1471 674 1526 ueritatis:
697 1469 829 1526 calumnia
844 1470 915 1526 euim
935 1471 964 1525 ia
979 1468 1087 1525 adiectu
1100 1476 1154 1536 est,

195 1554 265 1608 sicut
281 1552 343 1608 furti
358 1554 475 1609 crimen:
490 1555 627 1610 contrario
643 1570 709 1610 uere
728 1553 826 1610 iudicia
842 1552 997 1609 umaimudo
1013 1552 1157 1608 damnatur

194 1643 287 1704 actor,
309 1637 332 1691 ai
347 1651 453 1693 causam
469 1654 524 1693 nau
540 1637 668 1708 tenuerit,
690 1635 753 1693 lieet
774 1637 863 1710 aliqua
879 1637 1009 1710 opinione
1024 1635 1156 1692 inductus

195 1719 354 1784 crediderit,
381 1737 412 1776 ae
439 1728 513 1777 reete
540 1736 632 1795 agere.
674 1716 738 1777 tte.
764 1720 859 1794 Vtique
888 1729 977 1777 autem
1000 1736 1032 1777 ex
1055 1719 1155 1793 quibus

194 1854 315 1904 adeertor
327 1855 480 1917 simpliciter
494 1852 623 1903 libertatis
631 1854 729 1903 uindeae
737 1855 845 1912 dicitur,
860 1869 932 1918 quem
944 1854 985 1903 itte
995 1855 1070 1904 ciuile
1085 1854 1156 1902 aliae

194 1938 245 1973 mom
258 1931 351 1973 onerat
364 1931 388 1973 et
405 1923 520 1973 deterret
531 1924 579 1972 aed
591 1925 662 1973 iuvat
673 1922 712 1989 '(t‚
727 1924 771 1988 15).
799 1923 867 1984 Quid
879 1938 941 1988 crya
955 1925 1010 1973 eet?
1027 1922 1153 1972 Standum

194 1994 295 2059 quidem
314 1994 341 2044 ia
355 1995 502 2044 univercum
519 1995 547 2044 im
561 1995 717 2045 auctoritate
736 1991 792 2054 1¹¹²,
813 2011 861 2045 mec
874 2002 958 2045 tamea
972 1995 1048 2045 etiam
1062 1995 1089 2043 ia
1104 1994 1156 2045 ltoc

194 2064 271 2114 uerbo
293 2065 519 2129 acquiescendum,
542 2066 590 2114 aed
605 2067 659 2115 ciue
678 2080 713 2115 eac
731 2067 893 2115 correctione
911 2067 965 2115 ciue
988 2080 1022 2115 ear
1040 2066 1155 2115 rectiore

137 2153 140 2157 ⁴
193 2142 292 2185 tamtum
305 2136 413 2185 lecticae
425 2134 601 2193 scribendam,
621 2143 649 2184 at
663 2151 731 2186 nunc
743 2136 806 2199 feci,
821 2132 1061 2202 adstip(uia)itoretu‚
1081 2151 1154 2201 quem

194 2221 271 2255 unum
284 2212 309 2255 et
321 2208 414 2259 aulum.
433 2207 478 2270 qui
495 2208 597 2255 alienae
610 2208 652 2255 rei
666 2205 697 2255 ab
719 2207 793 2256 initio
810 2209 866 2256 aeia
880 2209 1010 2257 volumtate
1023 2222 1072 2255 aaa
1086 2214 1111 2255 et
1124 2208 1153 2255 im

192 2277 279 2326 etrieti
297 2277 364 2325 iuria
377 2277 479 2341 mcqotio
492 2284 605 2326 actorem
619 2278 700 2341 maffia
714 2292 789 2341 quam
803 2277 957 2326 creditorem
970 2276 1154 2326 secundarium

193 2360 221 2395 ec
239 2348 378 2405 immiscet.
395 2347 518 2410 cuiusque
536 2348 702 2396 temeritatem
721 2348 797 2396 ctiam
815 2349 869 2396 clia
888 2348 990 2397 ratione
1014 2348 1055 2395 iata
1076 2349 1154 2397 ciuile

194 2416 332 2479 ineiqaiter
350 2423 452 2465 coercet
465 2416 502 2482 (t,
516 2427 564 2467 115.
579 2414 637 2480 itt).
660 2432 688 2466 ec
707 2417 854 2475 immiscuit,
869 2419 960 2467 mirum
971 2419 1059 2480 soret,
1073 2420 1098 2467 ei
1111 2419 1154 2466 iae

194 2486 270 2534 ciuile
288 2486 432 2534 calumniae
451 2487 593 2535 conuictum
612 2502 663 2535 nom
681 2486 774 2536 dariae
793 2503 867 2552 quam
886 2494 985 2538 ceteros
1006 2495 1151 2538 tractasset.

266 2551 286 2619 1)
301 2554 381 2605 Pocae
396 2555 481 2618 fuieee
499 2556 675 2605 constituuntur
688 2571 739 2606 mom
758 2558 871 2607 cunstitui
889 2565 980 2621 petest,
1002 2556 1091 2607 Stdua
1104 2560 1150 2607 ait.

195 2624 248 2675 Nea
266 2625 348 2675 scribi
361 2632 448 2689 pateat
465 2627 682 2688 consummataest,
701 2642 757 2676 cum
775 2627 857 2678 Gaius
875 2628 908 2677 de
921 2629 1006 2678 edicto
1016 2630 1154 2692 praetoria

193 2697 269 2745 etiam
281 2704 404 2760 perpetuo
418 2711 518 2760 temper
528 2696 588 2758 sere
603 2694 638 2762 (et
652 2698 731 2761 reete)
746 2700 867 2762 loquatur
882 2700 1018 2762 praeacuti
1031 2706 1152 2763 tempore,

190 2767 305 2828 sarturae
323 2782 384 2817 acro
398 2783 451 2831 pro
468 2768 553 2830 spatio
572 2767 717 2817 addendum
736 2768 843 2834 adficta).
908 2765 929 2833 ²)
943 2768 988 2818 Ea
1004 2768 1095 2819 Giecir.
1110 2770 1150 2819 ed.
1214 2770 1217 2775 '

194 2837 286 2885 dicetur
301 2837 327 2886 0.
341 2838 381 2886 eat.
395 2837 443 2903 139.
508 2834 531 2903 ⁸)
546 2838 614 2887 acuis
630 2837 656 2887 0.
676 2838 793 2887 actionem
808 2840 865 2891 edd.
883 2839 937 2889 Sed
945 2847 1032 2903 pateat
1045 2839 1153 2903 defendi

192 2907 299 2956 actiones
317 2922 352 2955 ex
371 2907 447 2957 Paul.
466 2920 492 2971 5,
510 2920 531 2958 4.
550 2919 620 2959 5-8.
676 2905 698 2973 ⁴)
717 2908 855 2978 Intellege:
877 2918 901 2959 et
922 2911 978 2973 ipae
997 2911 1098 2974 quidem
1116 2912 1155 2959 ari

162 3028 170 3043 ,
193 2978 322 3025 minimam
339 2976 372 3026 X.
383 2979 480 3040 partie,
494 2977 541 3027 aed
554 2993 583 3027 eo
597 2985 645 3027 etc.

193 3080 226 3129 l).
240 3082 272 3129 de
287 3079 472 3147 iurei.(1t‚a).
496 3082 528 3133 J..
543 3095 578 3133 11.
597 3085 621 3145 §-
636 3095 657 3133 1.
676 3082 709 3134 tt.
724 3099 777 3133 rer.
791 3093 866 3135 aaut.
881 3083 931 3152 (15,
945 3083 977 3150 a).
998 3085 1028 3136 L.
1042 3096 1062 3137 5.
1078 3088 1102 3148 5.
1117 3098 1152 3137 aa.

192 3150 226 3200 D.
240 3152 272 3201 de
286 3167 327 3215 ap.
341 3168 367 3201 m.
382 3160 453 3201 nunt.
469 3150 514 3218 (tt,
528 3151 560 3218 1).
575 3153 607 3202 J..
623 3166 635 3206 t
649 3168 690 3216 pr.
710 3154 742 3202 D.
756 3154 789 3204 de
803 3155 894 3205 ᾱαηιπο
910 3156 957 3219 inf.
972 3154 1017 3220 (89,
1032 3154 1063 3221 t).
1083 3156 1114 3207 L.
1130 3169 1152 3207 9.

195 3221 221 3271 Ο.
236 3222 268 3271 de
286 3221 339 3272 reb.
358 3223 429 3272 cred.
448 3222 484 3287 (a,
499 3221 531 3288 1).
553 3223 605 3273 Cic.
621 3238 673 3286 pro
694 3223 769 3273 Reae.
791 3224 856 3275 Com.
871 3227 940 3289 1firt.
1013 3221 1038 3294 ξ.
1057 3229 1114 3279 177.
1131 3228 1152 3275 si

193 3289 278 3360 iuiur.]
298 3293 333 3356 cf.
353 3292 429 3342 Paul.
449 3303 474 3355 5,
487 3304 509 3343 4.
529 3295 551 3355 ξ.
567 3305 601 3344 11.
620 3294 652 3345 L.
667 3304 702 3345 at.
726 3294 758 3342 D.
779 3295 810 3344 de
829 3297 908 3345 imitar.
928 3296 1037 3361 (tt‚10).
1061 3297 1082 3346 si
1098 3312 1153 3346 eum

194 3360 305 3430 muliere]
321 3363 355 3426 cf.
371 3365 410 3413 tit.
424 3363 457 3411 I).
471 3365 496 3412 ei
509 3371 591 3413 ventr.
606 3380 671 3415 mum.
686 3366 744 3412 mai.
760 3363 809 3428 (55,
823 3364 855 3431 5).
878 3367 942 3431 quod
956 3367 1020 3416 dieat
1034 3382 1060 3415 se
1075 3383 1089 3416 a
1103 3369 1152 3431 pu]

194 3434 228 3495 cs.
247 3434 285 3483 tit.
305 3433 337 3481 D.
358 3448 389 3482 ae
407 3434 447 3482 uie
461 3435 510 3495 siat
528 3436 565 3492 ei,
584 3450 607 3498 q.
622 3436 650 3483 ira
666 3448 738 3498 paee.
754 3435 844 3501 (151).
911 3434 937 3507 ξ.
954 3439 1012 3488 178.
1030 3438 1069 3501 Cf.
1083 3439 1117 3487 J..
1131 3452 1152 3489 1.

193 3504 232 3562 §t
248 3514 268 3553 1.
282 3515 303 3554 e.
317 3514 338 3554 r.
358 3504 391 3551 D.
406 3504 442 3552 aat
453 3502 500 3554 SC.
523 3504 600 3567 turp.
616 3502 666 3569 (aa,
681 3504 726 3570 ta).
746 3506 777 3556 L.
792 3518 813 3558 a.
835 3507 860 3557 0.
879 3508 911 3557 de
930 3510 1040 3557 autumn.
1055 3507 1090 3575 (a,
1105 3508 1153 3576 aa).

193 3569 408 3639 tartt]cf.e‚1ea.
468 3569 722 3641 §.179.Cfi§.1ra.
1079 3580 1081 3588 ⁴
