<?xml version="1.0" encoding="UTF-8"?>
<!DOCTYPE html PUBLIC "-//W3C//DTD XHTML 1.0 Transitional//EN"
    "http://www.w3.org/TR/xhtml1/DTD/xhtml1-transitional.dtd">
<html xmlns="http://www.w3.org/1999/xhtml" xml:lang="en" lang="en">
 <head>
  <title>
</title>
<meta http-equiv="Content-Type" content="text/html;charset=utf-8" />
  <meta name='ocr-system' content='tesseract 3.04.00' />
  <meta name='ocr-capabilities' content='ocr_page ocr_carea ocr_par ocr_line ocrx_word'/>
</head>
<body>
  <div class='ocr_page' id='page_1' title='image "./gaiiinstitution00kbgoog_0054.png"; bbox 0 0 2550 4000; ppageno 0'>
   <div class='ocr_carea' id='block_1_1' title="bbox 221 194 877 258">
    <p class='ocr_par' dir='ltr' id='par_1_1' title="bbox 221 194 877 258">
     <span class='ocr_line' id='line_1_1' title="bbox 221 194 877 258; baseline -0.011 -4"><span class='ocrx_word' id='word_1_1' title='bbox 221 194 283 258; x_wconf 89' lang='grc'><strong>194</strong></span> <span class='ocrx_word' id='word_1_2' title='bbox 538 211 597 248; x_wconf 75' lang='lat' dir='ltr'><strong>osu</strong></span> <span class='ocrx_word' id='word_1_3' title='bbox 614 212 709 254; x_wconf 82' lang='lat' dir='ltr'><strong>rusrrr.</strong></span> <span class='ocrx_word' id='word_1_4' title='bbox 727 194 749 252; x_wconf 92' lang='lat' dir='ltr'><strong>I.</strong></span> <span class='ocrx_word' id='word_1_5' title='bbox 767 199 877 249; x_wconf 73' lang='lat'>81-86.</span> 
     </span>
    </p>
   </div>
   <div class='ocr_carea' id='block_1_2' title="bbox 221 347 1193 597">
    <p class='ocr_par' dir='ltr' id='par_1_2' title="bbox 221 347 1193 597">
     <span class='ocr_line' id='line_1_2' title="bbox 223 347 1193 426; baseline 0.002 -18"><span class='ocrx_word' id='word_1_6' title='bbox 223 361 257 408; x_wconf 90' lang='lat' dir='ltr'><strong>ut</strong></span> <span class='ocrx_word' id='word_1_7' title='bbox 272 347 507 426; x_wconf 83' lang='lat' dir='ltr'><strong>quo(quo)modo¹</strong></span> <span class='ocrx_word' id='word_1_8' title='bbox 524 371 556 409; x_wconf 88' lang='lat' dir='ltr'><strong>cx</strong></span> <span class='ocrx_word' id='word_1_9' title='bbox 578 353 674 410; x_wconf 78' lang='lat' dir='ltr'><strong>Latino</strong></span> <span class='ocrx_word' id='word_1_10' title='bbox 695 363 723 410; x_wconf 88' lang='lat' dir='ltr'><strong>ct</strong></span> <span class='ocrx_word' id='word_1_11' title='bbox 739 356 799 410; x_wconf 91' lang='lat' dir='ltr'><strong>ciue</strong></span> <span class='ocrx_word' id='word_1_12' title='bbox 818 354 938 410; x_wconf 80' lang='lat' dir='ltr'><strong>Romanu</strong></span> <span class='ocrx_word' id='word_1_13' title='bbox 954 362 1033 410; x_wconf 81' lang='lat' dir='ltr'><strong>nutus</strong></span> <span class='ocrx_word' id='word_1_14' title='bbox 1048 354 1119 410; x_wconf 88' lang='lat' dir='ltr'><strong>ciuis</strong></span> <span class='ocrx_word' id='word_1_15' title='bbox 1137 354 1193 410; x_wconf 83' lang='lat' dir='ltr'><strong>lio-</strong></span> 
     </span>
     <span class='ocr_line' id='line_1_3' title="bbox 223 435 1193 496; baseline 0.003 -3"><span class='ocrx_word' id='word_1_16' title='bbox 223 454 318 493; x_wconf 82' lang='lat' dir='ltr'><strong>monus</strong></span> <span class='ocrx_word' id='word_1_17' title='bbox 335 449 469 495; x_wconf 83' lang='lat' dir='ltr'><strong>nascatur.</strong></span> <span class='ocrx_word' id='word_1_18' title='bbox 505 435 551 495; x_wconf 93' lang='grc'><strong>81.</strong></span> <span class='ocrx_word' id='word_1_19' title='bbox 574 440 628 496; x_wconf 84' lang='lat' dir='ltr'><strong>His</strong></span> <span class='ocrx_word' id='word_1_20' title='bbox 645 440 844 496; x_wconf 87' lang='lat' dir='ltr'><strong>conuenienter</strong></span> <span class='ocrx_word' id='word_1_21' title='bbox 865 442 952 494; x_wconf 87' lang='lat' dir='ltr'><strong>ctiam</strong></span> <span class='ocrx_word' id='word_1_22' title='bbox 973 436 1041 494; x_wconf 87' lang='lat' dir='ltr'><strong>illud</strong></span> <span class='ocrx_word' id='word_1_23' title='bbox 1057 439 1193 496; x_wconf 83' lang='lat' dir='ltr'><strong>&#39;senatus-</strong></span> 
     </span>
     <span class='ocr_line' id='line_1_4' title="bbox 221 515 1192 597; baseline 0.002 -19"><span class='ocrx_word' id='word_1_24' title='bbox 221 520 349 578; x_wconf 82' lang='lat' dir='ltr'><strong>consulto</strong></span> <span class='ocrx_word' id='word_1_25' title='bbox 370 522 453 579; x_wconf 90' lang='lat' dir='ltr'><strong>diuus</strong></span> <span class='ocrx_word' id='word_1_26' title='bbox 473 523 628 580; x_wconf 75' lang='lat' dir='ltr'>Hadrianus</span> <span class='ocrx_word' id='word_1_27' title='bbox 646 532 741 579; x_wconf 84' lang='lat' dir='ltr'><strong>auctor</strong></span> <span class='ocrx_word' id='word_1_28' title='bbox 761 515 963 597; x_wconf 77' lang='lat' dir='ltr'><strong>significauit‚²</strong></span> <span class='ocrx_word' id='word_1_29' title='bbox 988 532 1021 578; x_wconf 89' lang='lat' dir='ltr'><strong>ut</strong></span> <span class='ocrx_word' id='word_1_30' title='bbox 1041 540 1075 578; x_wconf 77' lang='lat' dir='ltr'><strong>er</strong></span> <span class='ocrx_word' id='word_1_31' title='bbox 1095 523 1192 580; x_wconf 79' lang='lat' dir='ltr'><strong>Latino</strong></span> 
     </span>
    </p>
   </div>
   <div class='ocr_carea' id='block_1_3' title="bbox 163 607 1236 1865">
    <p class='ocr_par' dir='ltr' id='par_1_3' title="bbox 163 607 1236 1865">
     <span class='ocr_line' id='line_1_5' title="bbox 220 607 1192 681; baseline 0.002 -20"><span class='ocrx_word' id='word_1_32' title='bbox 220 614 248 660; x_wconf 88' lang='lat' dir='ltr'><strong>ct</strong></span> <span class='ocrx_word' id='word_1_33' title='bbox 263 608 423 680; x_wconf 82' lang='lat' dir='ltr'><strong>peregrina,</strong></span> <span class='ocrx_word' id='word_1_34' title='bbox 439 609 504 663; x_wconf 82' lang='lat' dir='ltr'><strong>item</strong></span> <span class='ocrx_word' id='word_1_35' title='bbox 519 615 615 664; x_wconf 83' lang='lat' dir='ltr'><strong>contra</strong></span> <span class='ocrx_word' id='word_1_36' title='bbox 627 624 659 664; x_wconf 81' lang='lat' dir='ltr'><strong>ex</strong></span> <span class='ocrx_word' id='word_1_37' title='bbox 669 609 817 681; x_wconf 79' lang='lat' dir='ltr'><strong>peregrino</strong></span> <span class='ocrx_word' id='word_1_38' title='bbox 828 615 857 663; x_wconf 90' lang='lat' dir='ltr'><strong>ct</strong></span> <span class='ocrx_word' id='word_1_39' title='bbox 869 607 963 664; x_wconf 78' lang='lat' dir='ltr'><strong>Latina</strong></span> <span class='ocrx_word' id='word_1_40' title='bbox 976 607 1049 680; x_wconf 84' lang='lat' dir='ltr'><strong>(qui)</strong></span> <span class='ocrx_word' id='word_1_41' title='bbox 1061 609 1192 679; x_wconf 84' lang='lat' dir='ltr'><strong>nascitur,</strong></span> 
     </span>
     <span class='ocr_line' id='line_1_6' title="bbox 219 687 1191 767; baseline 0.002 -21"><span class='ocrx_word' id='word_1_42' title='bbox 219 693 313 747; x_wconf 84' lang='lat' dir='ltr'><strong>matris</strong></span> <span class='ocrx_word' id='word_1_43' title='bbox 330 692 518 748; x_wconf 86' lang='lat' dir='ltr'><strong>condicionem</strong></span> <span class='ocrx_word' id='word_1_44' title='bbox 531 701 674 764; x_wconf 82' lang='lat' dir='ltr'><strong>sequatur.</strong></span> <span class='ocrx_word' id='word_1_45' title='bbox 700 687 749 751; x_wconf 80' lang='grc'><strong>82.</strong></span> <span class='ocrx_word' id='word_1_46' title='bbox 759 692 827 748; x_wconf 89' lang='lat' dir='ltr'><strong>iilud</strong></span> <span class='ocrx_word' id='word_1_47' title='bbox 843 709 954 767; x_wconf 87' lang='lat' dir='ltr'><strong>quoque</strong></span> <span class='ocrx_word' id='word_1_48' title='bbox 964 692 1008 747; x_wconf 83' lang='lat' dir='ltr'><strong>his</strong></span> <span class='ocrx_word' id='word_1_49' title='bbox 1018 709 1191 765; x_wconf 85' lang='lat' dir='ltr'><strong>consequeus</strong></span> 
     </span>
     <span class='ocr_line' id='line_1_7' title="bbox 220 776 1192 851; baseline 0.002 -21"><span class='ocrx_word' id='word_1_50' title='bbox 220 785 273 846; x_wconf 85' lang='lat' dir='ltr'><strong>cst,</strong></span> <span class='ocrx_word' id='word_1_51' title='bbox 290 776 363 848; x_wconf 86' lang='lat' dir='ltr'><strong>quod</strong></span> <span class='ocrx_word' id='word_1_52' title='bbox 379 793 410 830; x_wconf 79' lang='lat' dir='ltr'><strong>ex</strong></span> <span class='ocrx_word' id='word_1_53' title='bbox 426 777 522 832; x_wconf 77' lang='lat' dir='ltr'><strong>ancilia</strong></span> <span class='ocrx_word' id='word_1_54' title='bbox 538 785 566 832; x_wconf 87' lang='lat' dir='ltr'><strong>et</strong></span> <span class='ocrx_word' id='word_1_55' title='bbox 588 776 675 833; x_wconf 86' lang='lat' dir='ltr'><strong>libero</strong></span> <span class='ocrx_word' id='word_1_56' title='bbox 690 778 750 831; x_wconf 90' lang='lat' dir='ltr'><strong>iure</strong></span> <span class='ocrx_word' id='word_1_57' title='bbox 765 777 889 851; x_wconf 76' lang='lat' dir='ltr'><strong>gentium</strong></span> <span class='ocrx_word' id='word_1_58' title='bbox 903 793 1002 832; x_wconf 85' lang='lat' dir='ltr'><strong>seruus</strong></span> <span class='ocrx_word' id='word_1_59' title='bbox 1016 778 1149 847; x_wconf 82' lang='lat' dir='ltr'><strong>nascitur,</strong></span> <span class='ocrx_word' id='word_1_60' title='bbox 1163 785 1192 832; x_wconf 89' lang='lat' dir='ltr'><strong>ct</strong></span> 
     </span>
     <span class='ocr_line' id='line_1_8' title="bbox 219 857 1192 918; baseline 0.002 -2"><span class='ocrx_word' id='word_1_61' title='bbox 219 869 316 916; x_wconf 85' lang='lat' dir='ltr'><strong>contra</strong></span> <span class='ocrx_word' id='word_1_62' title='bbox 337 877 369 916; x_wconf 80' lang='lat' dir='ltr'><strong>ex</strong></span> <span class='ocrx_word' id='word_1_63' title='bbox 391 860 474 916; x_wconf 86' lang='lat' dir='ltr'><strong>libera</strong></span> <span class='ocrx_word' id='word_1_64' title='bbox 496 870 520 917; x_wconf 89' lang='lat' dir='ltr'><strong>et</strong></span> <span class='ocrx_word' id='word_1_65' title='bbox 546 877 628 916; x_wconf 84' lang='lat' dir='ltr'><strong>seruo</strong></span> <span class='ocrx_word' id='word_1_66' title='bbox 649 861 719 917; x_wconf 86' lang='lat' dir='ltr'><strong>iiber</strong></span> <span class='ocrx_word' id='word_1_67' title='bbox 734 863 864 917; x_wconf 82' lang='lat' dir='ltr'><strong>nascitur.</strong></span> <span class='ocrx_word' id='word_1_68' title='bbox 901 857 1192 918; x_wconf 58' lang='lat' dir='ltr'><strong>nutriminefretus</strong></span> 
     </span>
     <span class='ocr_line' id='line_1_9' title="bbox 218 944 1192 1020; baseline 0 -21"><span class='ocrx_word' id='word_1_69' title='bbox 218 953 308 1000; x_wconf 80' lang='lat' dir='ltr'><strong>tamon</strong></span> <span class='ocrx_word' id='word_1_70' title='bbox 329 944 474 1017; x_wconf 86' lang='lat' dir='ltr'><strong>debemus,</strong></span> <span class='ocrx_word' id='word_1_71' title='bbox 496 962 530 1002; x_wconf 86' lang='lat' dir='ltr'><strong>ne</strong></span> <span class='ocrx_word' id='word_1_72' title='bbox 550 947 618 1002; x_wconf 85' lang='lat' dir='ltr'><strong>iuris</strong></span> <span class='ocrx_word' id='word_1_73' title='bbox 639 947 762 1019; x_wconf 78' lang='lat' dir='ltr'><strong>gentium</strong></span> <span class='ocrx_word' id='word_1_74' title='bbox 776 945 900 1020; x_wconf 73' lang='lat' dir='ltr'><strong>requiam</strong></span> <span class='ocrx_word' id='word_1_75' title='bbox 922 945 965 1001; x_wconf 88' lang='lat' dir='ltr'><strong>uel</strong></span> <span class='ocrx_word' id='word_1_76' title='bbox 980 949 1025 1002; x_wconf 83' lang='lat' dir='ltr'><strong>ior</strong></span> <span class='ocrx_word' id='word_1_77' title='bbox 1040 945 1132 1019; x_wconf 82' lang='lat' dir='ltr'><strong>aliqua</strong></span> <span class='ocrx_word' id='word_1_78' title='bbox 1148 946 1192 1002; x_wconf 85' lang='lat' dir='ltr'><strong>usi</strong></span> 
     </span>
     <span class='ocr_line' id='line_1_10' title="bbox 223 1028 1192 1104; baseline 0.002 -20"><span class='ocrx_word' id='word_1_79' title='bbox 223 1028 296 1102; x_wconf 88' lang='lat' dir='ltr'><strong>quod</strong></span> <span class='ocrx_word' id='word_1_80' title='bbox 312 1030 385 1103; x_wconf 82' lang='lat' dir='ltr'><strong>legis</strong></span> <span class='ocrx_word' id='word_1_81' title='bbox 400 1031 485 1086; x_wconf 87' lang='lat' dir='ltr'><strong>uicem</strong></span> <span class='ocrx_word' id='word_1_82' title='bbox 499 1031 615 1104; x_wconf 86' lang='lat' dir='ltr'><strong>optinet,</strong></span> <span class='ocrx_word' id='word_1_83' title='bbox 631 1029 722 1104; x_wconf 83' lang='lat' dir='ltr'><strong>aliquo</strong></span> <span class='ocrx_word' id='word_1_84' title='bbox 733 1047 800 1086; x_wconf 83' lang='lat' dir='ltr'><strong>casu</strong></span> <span class='ocrx_word' id='word_1_85' title='bbox 814 1032 1032 1087; x_wconf 76' lang='lat' dir='ltr'><strong>commutauerit.</strong></span> <span class='ocrx_word' id='word_1_86' title='bbox 1057 1028 1110 1086; x_wconf 77' lang='lat'><strong>84.</strong></span> <span class='ocrx_word' id='word_1_87' title='bbox 1123 1030 1192 1086; x_wconf 82' lang='lat' dir='ltr'><strong>Ecce</strong></span> 
     </span>
     <span class='ocr_line' id='line_1_11' title="bbox 221 1114 1191 1189; baseline -0.001 -19"><span class='ocrx_word' id='word_1_88' title='bbox 221 1115 340 1170; x_wconf 82' lang='lat' dir='ltr'><strong>animer</strong></span> <span class='ocrx_word' id='word_1_89' title='bbox 357 1115 597 1172; x_wconf 80' lang='lat' dir='ltr'><strong>senatusconsulto</strong></span> <span class='ocrx_word' id='word_1_90' title='bbox 606 1114 753 1172; x_wconf 80' lang='lat' dir='ltr'><strong>Claudiano</strong></span> <span class='ocrx_word' id='word_1_91' title='bbox 769 1124 878 1189; x_wconf 77' lang='lat' dir='ltr'><strong>poterut</strong></span> <span class='ocrx_word' id='word_1_92' title='bbox 893 1116 961 1170; x_wconf 85' lang='lat' dir='ltr'><strong>ciuis</strong></span> <span class='ocrx_word' id='word_1_93' title='bbox 975 1115 1104 1186; x_wconf 78' lang='lat' dir='ltr'><strong>Romana,</strong></span> <span class='ocrx_word' id='word_1_94' title='bbox 1123 1132 1191 1188; x_wconf 83' lang='lat' dir='ltr'><strong>quse</strong></span> 
     </span>
     <span class='ocr_line' id='line_1_12' title="bbox 184 1199 1191 1278; baseline 0 -24"><span class='ocrx_word' id='word_1_95' title='bbox 184 1269 188 1278; x_wconf 37' lang='grc' dir='ltr'>Ι</span> <span class='ocrx_word' id='word_1_96' title='bbox 219 1199 307 1255; x_wconf 84' lang='lat' dir='ltr'><strong>alieno</strong></span> <span class='ocrx_word' id='word_1_97' title='bbox 323 1215 404 1255; x_wconf 87' lang='lat' dir='ltr'><strong>seruo</strong></span> <span class='ocrx_word' id='word_1_98' title='bbox 421 1199 531 1256; x_wconf 85' lang='lat' dir='ltr'><strong>uolente</strong></span> <span class='ocrx_word' id='word_1_99' title='bbox 547 1200 659 1256; x_wconf 89' lang='lat' dir='ltr'><strong>domino</strong></span> <span class='ocrx_word' id='word_1_100' title='bbox 674 1202 732 1256; x_wconf 85' lang='lat' dir='ltr'><strong>cius</strong></span> <span class='ocrx_word' id='word_1_101' title='bbox 748 1202 824 1272; x_wconf 84' lang='lat' dir='ltr'><strong>coiit,</strong></span> <span class='ocrx_word' id='word_1_102' title='bbox 843 1202 948 1273; x_wconf 79' lang='lat' dir='ltr'><strong>ipsoex</strong></span> <span class='ocrx_word' id='word_1_103' title='bbox 964 1201 1091 1273; x_wconf 78' lang='lat' dir='ltr'>pactione</span> <span class='ocrx_word' id='word_1_104' title='bbox 1106 1199 1191 1255; x_wconf 79' lang='lat' dir='ltr'><strong>libera</strong></span> 
     </span>
     <span class='ocr_line' id='line_1_13' title="bbox 219 1283 1191 1358; baseline 0.002 -20"><span class='ocrx_word' id='word_1_105' title='bbox 219 1300 394 1357; x_wconf 80' lang='lat' dir='ltr'><strong>permanere,</strong></span> <span class='ocrx_word' id='word_1_106' title='bbox 418 1283 465 1340; x_wconf 85' lang='lat' dir='ltr'><strong>sed</strong></span> <span class='ocrx_word' id='word_1_107' title='bbox 487 1301 598 1341; x_wconf 87' lang='lat' dir='ltr'><strong>seruum</strong></span> <span class='ocrx_word' id='word_1_108' title='bbox 619 1301 782 1358; x_wconf 78' lang='lat' dir='ltr'><strong>procrearc3</strong></span> <span class='ocrx_word' id='word_1_109' title='bbox 804 1301 867 1340; x_wconf 78' lang='lat' dir='ltr'><strong>uam</strong></span> <span class='ocrx_word' id='word_1_110' title='bbox 889 1283 964 1357; x_wconf 91' lang='lat' dir='ltr'><strong>quod</strong></span> <span class='ocrx_word' id='word_1_111' title='bbox 982 1285 1056 1341; x_wconf 85' lang='lat' dir='ltr'><strong>iuter</strong></span> <span class='ocrx_word' id='word_1_112' title='bbox 1077 1300 1137 1339; x_wconf 84' lang='lat' dir='ltr'><strong>cam</strong></span> <span class='ocrx_word' id='word_1_113' title='bbox 1163 1293 1191 1340; x_wconf 89' lang='lat' dir='ltr'><strong>ot</strong></span> 
     </span>
     <span class='ocr_line' id='line_1_14' title="bbox 222 1362 1190 1440; baseline -0.001 -16"><span class='ocrx_word' id='word_1_114' title='bbox 222 1369 360 1424; x_wconf 85' lang='lat' dir='ltr'><strong>dominum</strong></span> <span class='ocrx_word' id='word_1_115' title='bbox 382 1370 461 1424; x_wconf 87' lang='lat' dir='ltr'><strong>istius</strong></span> <span class='ocrx_word' id='word_1_116' title='bbox 483 1371 555 1424; x_wconf 84' lang='lat' dir='ltr'><strong>serui</strong></span> <span class='ocrx_word' id='word_1_117' title='bbox 576 1372 753 1440; x_wconf 79' lang='lat' dir='ltr'><strong>conuenerit,</strong></span> <span class='ocrx_word' id='word_1_118' title='bbox 769 1362 832 1426; x_wconf 80' lang='lat' dir='ltr'><strong>’eo³</strong></span> <span class='ocrx_word' id='word_1_119' title='bbox 846 1368 1086 1425; x_wconf 83' lang='lat' dir='ltr'><strong>senatusconsulto</strong></span> <span class='ocrx_word' id='word_1_120' title='bbox 1101 1378 1190 1424; x_wconf 79' lang='lat' dir='ltr'><strong>ratum</strong></span> 
     </span>
     <span class='ocr_line' id='line_1_15' title="bbox 224 1451 1191 1526; baseline 0.001 -20"><span class='ocrx_word' id='word_1_121' title='bbox 224 1469 284 1508; x_wconf 86' lang='lat' dir='ltr'><strong>csse</strong></span> <span class='ocrx_word' id='word_1_122' title='bbox 302 1451 422 1508; x_wconf 83' lang='lat' dir='ltr'><strong>iubetur.</strong></span> <span class='ocrx_word' id='word_1_123' title='bbox 456 1453 503 1508; x_wconf 85' lang='lat' dir='ltr'><strong>sed</strong></span> <span class='ocrx_word' id='word_1_124' title='bbox 524 1462 620 1526; x_wconf 77' lang='lat' dir='ltr'><strong>poster</strong></span> <span class='ocrx_word' id='word_1_125' title='bbox 648 1453 727 1510; x_wconf 91' lang='lat' dir='ltr'><strong>diuus</strong></span> <span class='ocrx_word' id='word_1_126' title='bbox 748 1454 917 1523; x_wconf 79' lang='lat' dir='ltr'><strong>Hadrianus,</strong></span> <span class='ocrx_word' id='word_1_127' title='bbox 936 1454 1080 1526; x_wconf 76' lang='lat' dir='ltr'><strong>iniquitate</strong></span> <span class='ocrx_word' id='word_1_128' title='bbox 1102 1455 1144 1508; x_wconf 87' lang='lat' dir='ltr'><strong>rei</strong></span> <span class='ocrx_word' id='word_1_129' title='bbox 1162 1460 1191 1511; x_wconf 87' lang='lat' dir='ltr'><strong>et</strong></span> 
     </span>
     <span class='ocr_line' id='line_1_16' title="bbox 163 1530 1190 1615; baseline 0 -23"><span class='ocrx_word' id='word_1_130' title='bbox 163 1536 385 1609; x_wconf 60' lang='lat' dir='ltr'><strong>insusurrantis</strong></span> <span class='ocrx_word' id='word_1_131' title='bbox 404 1538 470 1592; x_wconf 85' lang='lat' dir='ltr'><strong>iuris</strong></span> <span class='ocrx_word' id='word_1_132' title='bbox 492 1547 594 1609; x_wconf 89' lang='lat' dir='ltr'><strong>motus,</strong></span> <span class='ocrx_word' id='word_1_133' title='bbox 616 1539 737 1595; x_wconf 73' lang='lat' dir='ltr'><strong>restituit</strong></span> <span class='ocrx_word' id='word_1_134' title='bbox 757 1541 824 1595; x_wconf 90' lang='lat' dir='ltr'><strong>iuris</strong></span> <span class='ocrx_word' id='word_1_135' title='bbox 845 1530 975 1615; x_wconf 70' lang='lat' dir='ltr'><strong>genitium</strong></span> <span class='ocrx_word' id='word_1_136' title='bbox 995 1538 1135 1610; x_wconf 75' lang='lat' dir='ltr'><strong>regulam,</strong></span> <span class='ocrx_word' id='word_1_137' title='bbox 1161 1546 1190 1592; x_wconf 89' lang='lat' dir='ltr'><strong>ut</strong></span> 
     </span>
     <span class='ocr_line' id='line_1_17' title="bbox 217 1618 1236 1696; baseline 0 -19"><span class='ocrx_word' id='word_1_138' title='bbox 217 1637 279 1677; x_wconf 89' lang='lat' dir='ltr'><strong>cum</strong></span> <span class='ocrx_word' id='word_1_139' title='bbox 296 1621 353 1694; x_wconf 82' lang='lat' dir='ltr'><strong>ipsu</strong></span> <span class='ocrx_word' id='word_1_140' title='bbox 369 1621 466 1677; x_wconf 84' lang='lat' dir='ltr'><strong>mulier</strong></span> <span class='ocrx_word' id='word_1_141' title='bbox 481 1622 566 1678; x_wconf 85' lang='lat' dir='ltr'><strong>libera</strong></span> <span class='ocrx_word' id='word_1_142' title='bbox 579 1634 753 1696; x_wconf 80' lang='lat' dir='ltr'><strong>permoneat,</strong></span> <span class='ocrx_word' id='word_1_143' title='bbox 769 1623 884 1680; x_wconf 87' lang='lat' dir='ltr'><strong>liberum</strong></span> <span class='ocrx_word' id='word_1_144' title='bbox 903 1625 999 1696; x_wconf 82' lang='lat' dir='ltr'><strong>pariat.</strong></span> <span class='ocrx_word' id='word_1_145' title='bbox 1029 1618 1079 1679; x_wconf 76' lang='lat'><strong>85.</strong></span> <span class='ocrx_word' id='word_1_146' title='bbox 1094 1621 1187 1694; x_wconf 73' lang='lat' dir='ltr'><strong>’iiten</strong></span> <span class='ocrx_word' id='word_1_147' title='bbox 1200 1637 1236 1688; x_wconf 72' lang='lat' dir='ltr'><strong>[rs]</strong></span> 
     </span>
     <span class='ocr_line' id='line_1_18' title="bbox 219 1700 1189 1782; baseline 0 -20"><span class='ocrx_word' id='word_1_148' title='bbox 219 1723 234 1762; x_wconf 93' lang='lat' dir='ltr'><strong>e</strong></span> <span class='ocrx_word' id='word_1_149' title='bbox 249 1707 312 1779; x_wconf 81' lang='lat' dir='ltr'><strong>ieqe</strong></span> <span class='ocrx_word' id='word_1_150' title='bbox 327 1700 463 1781; x_wconf 78' lang='lat' dir='ltr'><strong>Latina)4</strong></span> <span class='ocrx_word' id='word_1_151' title='bbox 479 1723 512 1762; x_wconf 81' lang='lat' dir='ltr'><strong>ex</strong></span> <span class='ocrx_word' id='word_1_152' title='bbox 527 1706 624 1763; x_wconf 76' lang='lat' dir='ltr'><strong>ancilia</strong></span> <span class='ocrx_word' id='word_1_153' title='bbox 640 1716 668 1763; x_wconf 89' lang='lat' dir='ltr'><strong>ct</strong></span> <span class='ocrx_word' id='word_1_154' title='bbox 682 1707 768 1765; x_wconf 84' lang='lat' dir='ltr'><strong>libero</strong></span> <span class='ocrx_word' id='word_1_155' title='bbox 783 1716 912 1782; x_wconf 84' lang='lat' dir='ltr'><strong>poterant</strong></span> <span class='ocrx_word' id='word_1_156' title='bbox 927 1706 1008 1764; x_wconf 84' lang='lat' dir='ltr'><strong>liberi</strong></span> <span class='ocrx_word' id='word_1_157' title='bbox 1021 1709 1109 1775; x_wconf 77' lang='lat' dir='ltr'><strong>nasci3</strong></span> <span class='ocrx_word' id='word_1_158' title='bbox 1129 1724 1189 1762; x_wconf 79' lang='lat' dir='ltr'><strong>aum</strong></span> 
     </span>
     <span class='ocr_line' id='line_1_19' title="bbox 218 1791 1189 1865; baseline 0 -19"><span class='ocrx_word' id='word_1_159' title='bbox 218 1807 249 1846; x_wconf 84' lang='lat' dir='ltr'><strong>oa</strong></span> <span class='ocrx_word' id='word_1_160' title='bbox 263 1791 326 1864; x_wconf 77' lang='lat' dir='ltr'><strong>lege</strong></span> <span class='ocrx_word' id='word_1_161' title='bbox 342 1799 466 1862; x_wconf 80' lang='lat' dir='ltr'><strong>cauetur,</strong></span> <span class='ocrx_word' id='word_1_162' title='bbox 482 1793 553 1846; x_wconf 86' lang='lat' dir='ltr'><strong>uisi</strong></span> <span class='ocrx_word' id='word_1_163' title='bbox 577 1794 637 1865; x_wconf 89' lang='lat' dir='ltr'><strong>quis</strong></span> <span class='ocrx_word' id='word_1_164' title='bbox 653 1809 715 1848; x_wconf 89' lang='lat' dir='ltr'><strong>cum</strong></span> <span class='ocrx_word' id='word_1_165' title='bbox 729 1793 814 1848; x_wconf 81' lang='lat' dir='ltr'><strong>aiicua</strong></span> <span class='ocrx_word' id='word_1_166' title='bbox 831 1791 942 1865; x_wconf 80' lang='lat' dir='ltr'><strong>anciila,</strong></span> <span class='ocrx_word' id='word_1_167' title='bbox 964 1808 1044 1865; x_wconf 82' lang='lat' dir='ltr'><strong>quam</strong></span> <span class='ocrx_word' id='word_1_168' title='bbox 1063 1791 1189 1848; x_wconf 80' lang='lat' dir='ltr'><strong>credebat</strong></span> 
     </span>
    </p>
   </div>
   <div class='ocr_carea' id='block_1_4' title="bbox 149 1938 1189 3216">
    <p class='ocr_par' dir='ltr' id='par_1_4' title="bbox 149 1938 1189 3216">
     <span class='ocr_line' id='line_1_20' title="bbox 294 1938 1188 2011; baseline 0 -19"><span class='ocrx_word' id='word_1_169' title='bbox 294 1940 314 2009; x_wconf 93' lang='lat'><strong>¹)</strong></span> <span class='ocrx_word' id='word_1_170' title='bbox 332 1959 370 2009; x_wconf 87' lang='lat' dir='ltr'><strong>qm</strong></span> <span class='ocrx_word' id='word_1_171' title='bbox 390 1944 415 1994; x_wconf 88' lang='lat' dir='ltr'><em>V</em></span> <span class='ocrx_word' id='word_1_172' title='bbox 416 1938 436 1974; x_wconf 57' lang='grc' dir='ltr'><strong>Β*</strong></span> <span class='ocrx_word' id='word_1_173' title='bbox 449 1944 516 1993; x_wconf 88' lang='lat' dir='ltr'><strong>unde</strong></span> <span class='ocrx_word' id='word_1_174' title='bbox 531 1951 601 1993; x_wconf 91' lang='lat' dir='ltr'><strong>recte</strong></span> <span class='ocrx_word' id='word_1_175' title='bbox 615 1941 807 2010; x_wconf 84' lang='lat' dir='ltr'><strong>quo(quo)rnodo</strong></span> <span class='ocrx_word' id='word_1_176' title='bbox 822 1943 861 1992; x_wconf 91' lang='lat' dir='ltr'><strong>ed.</strong></span> <span class='ocrx_word' id='word_1_177' title='bbox 877 1943 968 1993; x_wconf 86' lang='lat' dir='ltr'><strong>Poien.</strong></span> <span class='ocrx_word' id='word_1_178' title='bbox 1035 1940 1056 2011; x_wconf 78' lang='lat'><strong>²)</strong></span> <span class='ocrx_word' id='word_1_179' title='bbox 1071 1944 1128 1992; x_wconf 86' lang='lat' dir='ltr'><strong>diuo</strong></span> <span class='ocrx_word' id='word_1_180' title='bbox 1142 1944 1188 1992; x_wconf 83' lang='lat' dir='ltr'><strong>Ha-</strong></span> 
     </span>
     <span class='ocr_line' id='line_1_21' title="bbox 220 2011 1188 2082; baseline -0.002 -17"><span class='ocrx_word' id='word_1_181' title='bbox 220 2016 318 2065; x_wconf 84' lang='lat' dir='ltr'><strong>drianus</strong></span> <span class='ocrx_word' id='word_1_182' title='bbox 334 2014 392 2082; x_wconf 89' lang='lat' dir='ltr'><strong>(sed</strong></span> <span class='ocrx_word' id='word_1_183' title='bbox 405 2031 416 2064; x_wconf 94' lang='lat' dir='ltr'><strong>s</strong></span> <span class='ocrx_word' id='word_1_184' title='bbox 431 2014 597 2080; x_wconf 77' lang='lat' dir='ltr'><strong>eapuncturn)</strong></span> <span class='ocrx_word' id='word_1_185' title='bbox 612 2023 696 2064; x_wconf 81' lang='lat' dir='ltr'><strong>auctor</strong></span> <span class='ocrx_word' id='word_1_186' title='bbox 710 2016 853 2077; x_wconf 76' lang='lat' dir='ltr'><strong>significauit</strong></span> <span class='ocrx_word' id='word_1_187' title='bbox 867 2011 926 2077; x_wconf 69' lang='lat' dir='ltr'><strong>W,</strong></span> <span class='ocrx_word' id='word_1_188' title='bbox 941 2023 1038 2064; x_wconf 83' lang='lat' dir='ltr'><strong>senatus</strong></span> <span class='ocrx_word' id='word_1_189' title='bbox 1053 2016 1188 2065; x_wconf 85' lang='lat' dir='ltr'><strong>consultura</strong></span> 
     </span>
     <span class='ocr_line' id='line_1_22' title="bbox 220 2083 1187 2150; baseline -0.002 -14"><span class='ocrx_word' id='word_1_190' title='bbox 220 2088 276 2137; x_wconf 90' lang='lat' dir='ltr'><strong>diuo</strong></span> <span class='ocrx_word' id='word_1_191' title='bbox 290 2087 413 2137; x_wconf 80' lang='lat' dir='ltr'><strong>Hadriano</strong></span> <span class='ocrx_word' id='word_1_192' title='bbox 429 2094 526 2136; x_wconf 84' lang='lat' dir='ltr'><strong>auctore</strong></span> <span class='ocrx_word' id='word_1_193' title='bbox 545 2086 691 2149; x_wconf 79' lang='lat' dir='ltr'><strong>significauit</strong></span> <span class='ocrx_word' id='word_1_194' title='bbox 704 2087 744 2135; x_wconf 86' lang='lat' dir='ltr'><strong>ed.</strong></span> <span class='ocrx_word' id='word_1_195' title='bbox 759 2085 833 2135; x_wconf 87' lang='lat' dir='ltr'><strong>Stad.</strong></span> <span class='ocrx_word' id='word_1_196' title='bbox 851 2101 932 2149; x_wconf 92' lang='lat' dir='ltr'><strong>aeque</strong></span> <span class='ocrx_word' id='word_1_197' title='bbox 946 2086 1015 2136; x_wconf 84' lang='lat' dir='ltr'><strong>bene.</strong></span> <span class='ocrx_word' id='word_1_198' title='bbox 1082 2083 1146 2150; x_wconf 76' lang='lat' dir='ltr'><strong>³)ex</strong></span> <span class='ocrx_word' id='word_1_199' title='bbox 1162 2086 1187 2135; x_wconf 82' lang='lat'><strong>0.</strong></span> 
     </span>
     <span class='ocr_line' id='line_1_23' title="bbox 219 2155 1189 2223; baseline -0.003 -15"><span class='ocrx_word' id='word_1_200' title='bbox 219 2159 277 2210; x_wconf 87' lang='lat' dir='ltr'><strong>edd.</strong></span> <span class='ocrx_word' id='word_1_201' title='bbox 343 2155 365 2223; x_wconf 86' lang='lat'><strong>⁴)</strong></span> <span class='ocrx_word' id='word_1_202' title='bbox 382 2158 501 2207; x_wconf 84' lang='lat' dir='ltr'><strong>Restitui.</strong></span> <span class='ocrx_word' id='word_1_203' title='bbox 525 2158 668 2207; x_wconf 79' lang='lat' dir='ltr'><strong>Librarius</strong></span> <span class='ocrx_word' id='word_1_204' title='bbox 682 2158 726 2207; x_wconf 79' lang='lat' dir='ltr'><strong>iric</strong></span> <span class='ocrx_word' id='word_1_205' title='bbox 735 2158 846 2221; x_wconf 81' lang='lat' dir='ltr'><strong>spatium</strong></span> <span class='ocrx_word' id='word_1_206' title='bbox 861 2158 972 2206; x_wconf 86' lang='lat' dir='ltr'><strong>duarum</strong></span> <span class='ocrx_word' id='word_1_207' title='bbox 986 2158 1134 2207; x_wconf 84' lang='lat' dir='ltr'><strong>litterarum</strong></span> <span class='ocrx_word' id='word_1_208' title='bbox 1148 2172 1189 2205; x_wconf 86' lang='lat' dir='ltr'><strong>re·</strong></span> 
     </span>
     <span class='ocr_line' id='line_1_24' title="bbox 219 2225 1189 2294; baseline -0.003 -15"><span class='ocrx_word' id='word_1_209' title='bbox 219 2230 306 2294; x_wconf 82' lang='lat' dir='ltr'><strong>liquit,</strong></span> <span class='ocrx_word' id='word_1_210' title='bbox 327 2230 396 2294; x_wconf 91' lang='lat' dir='ltr'><strong>quod</strong></span> <span class='ocrx_word' id='word_1_211' title='bbox 414 2231 517 2293; x_wconf 77' lang='lat' dir='ltr'><strong>explevi</strong></span> <span class='ocrx_word' id='word_1_212' title='bbox 537 2225 633 2277; x_wconf 77' lang='lat' dir='ltr'><strong>‘Item&#39;.</strong></span> <span class='ocrx_word' id='word_1_213' title='bbox 670 2229 772 2278; x_wconf 84' lang='lat' dir='ltr'><strong>Deinde</strong></span> <span class='ocrx_word' id='word_1_214' title='bbox 790 2243 852 2277; x_wconf 83' lang='lat' dir='ltr'><strong>uero</strong></span> <span class='ocrx_word' id='word_1_215' title='bbox 873 2225 905 2277; x_wconf 77' lang='lat' dir='ltr'><strong>‘e</strong></span> <span class='ocrx_word' id='word_1_216' title='bbox 926 2230 943 2277; x_wconf 87' lang='lat' dir='ltr'><strong>l.</strong></span> <span class='ocrx_word' id='word_1_217' title='bbox 961 2226 1056 2278; x_wconf 85' lang='lat' dir='ltr'><strong>latina&#39;</strong></span> <span class='ocrx_word' id='word_1_218' title='bbox 1077 2230 1138 2278; x_wconf 83' lang='lat' dir='ltr'><strong>olim</strong></span> <span class='ocrx_word' id='word_1_219' title='bbox 1158 2227 1189 2277; x_wconf 87' lang='lat' dir='ltr'><strong>ob</strong></span> 
     </span>
     <span class='ocr_line' id='line_1_25' title="bbox 217 2300 1189 2365; baseline -0.001 -16"><span class='ocrx_word' id='word_1_220' title='bbox 217 2302 414 2349; x_wconf 81' lang='lat' dir='ltr'><strong>similitudinem</strong></span> <span class='ocrx_word' id='word_1_221' title='bbox 429 2302 615 2364; x_wconf 82' lang='lat' dir='ltr'><strong>consequenti</strong></span> <span class='ocrx_word' id='word_1_222' title='bbox 630 2314 659 2347; x_wconf 81' lang='lat' dir='ltr'><strong>ex</strong></span> <span class='ocrx_word' id='word_1_223' title='bbox 673 2300 759 2349; x_wconf 78' lang='lat' dir='ltr'><strong>anciila</strong></span> <span class='ocrx_word' id='word_1_224' title='bbox 776 2300 859 2362; x_wconf 82' lang='lat' dir='ltr'><strong>facilc</strong></span> <span class='ocrx_word' id='word_1_225' title='bbox 875 2301 957 2349; x_wconf 85' lang='lat' dir='ltr'><strong>omitti</strong></span> <span class='ocrx_word' id='word_1_226' title='bbox 971 2302 1066 2363; x_wconf 78' lang='lat' dir='ltr'><strong>potuit.</strong></span> <span class='ocrx_word' id='word_1_227' title='bbox 1095 2300 1189 2365; x_wconf 77' lang='lat' dir='ltr'><strong>Leqern</strong></span> 
     </span>
     <span class='ocr_line' id='line_1_26' title="bbox 217 2370 1189 2435; baseline -0.001 -15"><span class='ocrx_word' id='word_1_228' title='bbox 217 2372 286 2420; x_wconf 88' lang='lat' dir='ltr'><strong>enim</strong></span> <span class='ocrx_word' id='word_1_229' title='bbox 309 2372 377 2421; x_wconf 80' lang='lat' dir='ltr'><strong>dano</strong></span> <span class='ocrx_word' id='word_1_230' title='bbox 398 2370 538 2420; x_wconf 86' lang='lat' dir='ltr'><strong>Romanam</strong></span> <span class='ocrx_word' id='word_1_231' title='bbox 557 2386 608 2420; x_wconf 90' lang='lat' dir='ltr'><strong>non</strong></span> <span class='ocrx_word' id='word_1_232' title='bbox 624 2371 722 2433; x_wconf 85' lang='lat' dir='ltr'><strong>fuisse,</strong></span> <span class='ocrx_word' id='word_1_233' title='bbox 741 2378 852 2434; x_wconf 83' lang='lat' dir='ltr'><strong>apparet</strong></span> <span class='ocrx_word' id='word_1_234' title='bbox 870 2377 921 2420; x_wconf 86' lang='lat' dir='ltr'><strong>tarn</strong></span> <span class='ocrx_word' id='word_1_235' title='bbox 940 2386 975 2419; x_wconf 84' lang='lat' dir='ltr'><strong>eoa</strong></span> <span class='ocrx_word' id='word_1_236' title='bbox 989 2372 1043 2434; x_wconf 82' lang='lat' dir='ltr'><strong>fine</strong></span> <span class='ocrx_word' id='word_1_237' title='bbox 1061 2386 1137 2435; x_wconf 80' lang='lat' dir='ltr'><strong>quani</strong></span> <span class='ocrx_word' id='word_1_238' title='bbox 1155 2385 1189 2419; x_wconf 86' lang='lat' dir='ltr'><strong>eac</strong></span> 
     </span>
     <span class='ocr_line' id='line_1_27' title="bbox 219 2439 1189 2506; baseline 0 -16"><span class='ocrx_word' id='word_1_239' title='bbox 219 2442 295 2491; x_wconf 86' lang='lat' dir='ltr'><strong>initio</strong></span> <span class='ocrx_word' id='word_1_240' title='bbox 315 2444 342 2502; x_wconf 77' lang='lat' dir='ltr'><strong>§i</strong></span> <span class='ocrx_word' id='word_1_241' title='bbox 355 2453 389 2492; x_wconf 82' lang='lat'><strong>86.</strong></span> <span class='ocrx_word' id='word_1_242' title='bbox 423 2444 517 2491; x_wconf 85' lang='lat' dir='ltr'><strong>collato</strong></span> <span class='ocrx_word' id='word_1_243' title='bbox 532 2458 588 2491; x_wconf 81' lang='lat' dir='ltr'><strong>cunr</strong></span> <span class='ocrx_word' id='word_1_244' title='bbox 602 2440 650 2491; x_wconf 83' lang='lat' dir='ltr'><strong>SC.</strong></span> <span class='ocrx_word' id='word_1_245' title='bbox 669 2442 821 2491; x_wconf 83' lang='lat' dir='ltr'><strong>Claudiano.</strong></span> <span class='ocrx_word' id='word_1_246' title='bbox 850 2439 938 2506; x_wconf 85' lang='lat' dir='ltr'><strong>(Quod</strong></span> <span class='ocrx_word' id='word_1_247' title='bbox 951 2458 1002 2491; x_wconf 89' lang='lat' dir='ltr'><strong>non</strong></span> <span class='ocrx_word' id='word_1_248' title='bbox 1017 2457 1115 2491; x_wconf 84' lang='lat' dir='ltr'><strong>curans</strong></span> <span class='ocrx_word' id='word_1_249' title='bbox 1128 2457 1189 2505; x_wconf 75' lang='lat' dir='ltr'><strong>sup·</strong></span> 
     </span>
     <span class='ocr_line' id='line_1_28' title="bbox 215 2508 1188 2578; baseline -0.001 -17"><span class='ocrx_word' id='word_1_250' title='bbox 215 2514 299 2575; x_wconf 82' lang='lat' dir='ltr'><strong>pleoit</strong></span> <span class='ocrx_word' id='word_1_251' title='bbox 315 2508 412 2560; x_wconf 72' lang='lat' dir='ltr'><strong>‘Etiam</strong></span> <span class='ocrx_word' id='word_1_252' title='bbox 427 2514 482 2577; x_wconf 80' lang='lat' dir='ltr'><strong>leqe</strong></span> <span class='ocrx_word' id='word_1_253' title='bbox 497 2512 574 2561; x_wconf 86' lang='lat' dir='ltr'><strong>Aeliu</strong></span> <span class='ocrx_word' id='word_1_254' title='bbox 588 2512 690 2561; x_wconf 86' lang='lat' dir='ltr'><strong>Sentiu&#39;</strong></span> <span class='ocrx_word' id='word_1_255' title='bbox 706 2512 754 2577; x_wconf 80' lang='lat' dir='ltr'><strong>Bq.</strong></span> <span class='ocrx_word' id='word_1_256' title='bbox 770 2513 809 2561; x_wconf 87' lang='lat' dir='ltr'><strong>ed.</strong></span> <span class='ocrx_word' id='word_1_257' title='bbox 824 2510 856 2578; x_wconf 83' lang='grc'><strong>6.)</strong></span> <span class='ocrx_word' id='word_1_258' title='bbox 886 2512 972 2577; x_wconf 87' lang='lat' dir='ltr'><strong>Neque</strong></span> <span class='ocrx_word' id='word_1_259' title='bbox 986 2528 1048 2563; x_wconf 85' lang='lat' dir='ltr'><strong>uero</strong></span> <span class='ocrx_word' id='word_1_260' title='bbox 1061 2515 1132 2561; x_wconf 85' lang='lat' dir='ltr'><strong>alius</strong></span> <span class='ocrx_word' id='word_1_261' title='bbox 1141 2528 1188 2575; x_wconf 81' lang='lat' dir='ltr'><strong>qro-</strong></span> 
     </span>
     <span class='ocr_line' id='line_1_29' title="bbox 149 2584 1188 2649; baseline 0.001 -19"><span class='ocrx_word' id='word_1_262' title='bbox 149 2586 150 2589; x_wconf 77' lang='grc'>’</span> <span class='ocrx_word' id='word_1_263' title='bbox 215 2585 276 2647; x_wconf 79' lang='lat' dir='ltr'><strong>puli</strong></span> <span class='ocrx_word' id='word_1_264' title='bbox 291 2584 429 2648; x_wconf 77' lang='lat' dir='ltr'><strong>pereqrini</strong></span> <span class='ocrx_word' id='word_1_265' title='bbox 451 2587 530 2648; x_wconf 80' lang='lat' dir='ltr'><strong>quem</strong></span> <span class='ocrx_word' id='word_1_266' title='bbox 555 2584 732 2649; x_wconf 71' lang='lat' dir='ltr'><strong>Vespasianus</strong></span> <span class='ocrx_word' id='word_1_267' title='bbox 746 2585 830 2647; x_wconf 85' lang='lat' dir='ltr'><strong>saciie</strong></span> <span class='ocrx_word' id='word_1_268' title='bbox 848 2591 978 2642; x_wconf 83' lang='lat' dir='ltr'><strong>mutasset,</strong></span> <span class='ocrx_word' id='word_1_269' title='bbox 997 2586 1042 2647; x_wconf 88' lang='lat' dir='ltr'><strong>qui</strong></span> <span class='ocrx_word' id='word_1_270' title='bbox 1055 2591 1149 2633; x_wconf 86' lang='lat' dir='ltr'><strong>contra</strong></span> <span class='ocrx_word' id='word_1_271' title='bbox 1162 2585 1188 2631; x_wconf 87' lang='lat' dir='ltr'><strong>in</strong></span> 
     </span>
     <span class='ocr_line' id='line_1_30' title="bbox 220 2653 1188 2718; baseline 0 -15"><span class='ocrx_word' id='word_1_272' title='bbox 220 2656 279 2703; x_wconf 89' lang='lat' dir='ltr'><strong>iure</strong></span> <span class='ocrx_word' id='word_1_273' title='bbox 294 2654 448 2704; x_wconf 86' lang='lat' dir='ltr'><strong>Latinorum</strong></span> <span class='ocrx_word' id='word_1_274' title='bbox 468 2662 566 2705; x_wconf 79' lang='lat' dir='ltr'><strong>tantuna</strong></span> <span class='ocrx_word' id='word_1_275' title='bbox 585 2657 730 2713; x_wconf 81' lang='lat' dir='ltr'><strong>innovavit,</strong></span> <span class='ocrx_word' id='word_1_276' title='bbox 750 2662 778 2703; x_wconf 87' lang='lat' dir='ltr'><strong>ut</strong></span> <span class='ocrx_word' id='word_1_277' title='bbox 796 2656 914 2718; x_wconf 86' lang='lat' dir='ltr'><strong>quiante</strong></span> <span class='ocrx_word' id='word_1_278' title='bbox 933 2671 989 2704; x_wconf 88' lang='lat' dir='ltr'><strong>eum</strong></span> <span class='ocrx_word' id='word_1_279' title='bbox 1003 2655 1078 2704; x_wconf 88' lang='lat' dir='ltr'><strong>Latii</strong></span> <span class='ocrx_word' id='word_1_280' title='bbox 1092 2656 1134 2703; x_wconf 87' lang='lat' dir='ltr'><strong>ius</strong></span> <span class='ocrx_word' id='word_1_281' title='bbox 1147 2653 1188 2703; x_wconf 80' lang='lat' dir='ltr'><strong>od·</strong></span> 
     </span>
     <span class='ocr_line' id='line_1_31' title="bbox 220 2725 1187 2791; baseline -0.002 -17"><span class='ocrx_word' id='word_1_282' title='bbox 220 2728 370 2785; x_wconf 85' lang='lat' dir='ltr'><strong>tinuissent,</strong></span> <span class='ocrx_word' id='word_1_283' title='bbox 390 2727 482 2776; x_wconf 88' lang='lat' dir='ltr'><strong>Latini</strong></span> <span class='ocrx_word' id='word_1_284' title='bbox 501 2735 598 2777; x_wconf 89' lang='lat' dir='ltr'><strong>ueteres</strong></span> <span class='ocrx_word' id='word_1_285' title='bbox 617 2729 769 2776; x_wconf 84' lang='lat' dir='ltr'><strong>dicerentur</strong></span> <span class='ocrx_word' id='word_1_286' title='bbox 784 2725 881 2791; x_wconf 84' lang='lat' dir='ltr'><strong>(Tacit.</strong></span> <span class='ocrx_word' id='word_1_287' title='bbox 896 2725 928 2778; x_wconf 84' lang='lat' dir='ltr'><strong>A.</strong></span> <span class='ocrx_word' id='word_1_288' title='bbox 944 2739 965 2777; x_wconf 80' lang='lat'><strong>4.</strong></span> <span class='ocrx_word' id='word_1_289' title='bbox 979 2736 992 2777; x_wconf 86' lang='lat'><strong>5</strong></span> <span class='ocrx_word' id='word_1_290' title='bbox 1011 2734 1036 2775; x_wconf 90' lang='lat' dir='ltr'><strong>et</strong></span> <span class='ocrx_word' id='word_1_291' title='bbox 1049 2726 1122 2789; x_wconf 80' lang='lat' dir='ltr'><strong>infra</strong></span> <span class='ocrx_word' id='word_1_292' title='bbox 1137 2732 1187 2774; x_wconf 87' lang='lat' dir='ltr'><strong>not.</strong></span> 
     </span>
     <span class='ocr_line' id='line_1_32' title="bbox 220 2796 1189 2865; baseline -0.001 -19"><span class='ocrx_word' id='word_1_293' title='bbox 220 2797 256 2846; x_wconf 88' lang='lat' dir='ltr'><strong>ad</strong></span> <span class='ocrx_word' id='word_1_294' title='bbox 269 2810 289 2859; x_wconf 81' lang='lat'><strong>1,</strong></span> <span class='ocrx_word' id='word_1_295' title='bbox 307 2796 350 2865; x_wconf 75' lang='grc'><strong>96).</strong></span> <span class='ocrx_word' id='word_1_296' title='bbox 379 2797 432 2848; x_wconf 86' lang='lat' dir='ltr'><strong>Sed</strong></span> <span class='ocrx_word' id='word_1_297' title='bbox 446 2806 470 2848; x_wconf 88' lang='lat' dir='ltr'><strong>et</strong></span> <span class='ocrx_word' id='word_1_298' title='bbox 484 2800 566 2849; x_wconf 85' lang='lat' dir='ltr'><strong>simile</strong></span> <span class='ocrx_word' id='word_1_299' title='bbox 581 2798 645 2862; x_wconf 90' lang='lat' dir='ltr'><strong>quid</strong></span> <span class='ocrx_word' id='word_1_300' title='bbox 657 2800 683 2847; x_wconf 91' lang='lat' dir='ltr'><strong>in</strong></span> <span class='ocrx_word' id='word_1_301' title='bbox 694 2799 792 2861; x_wconf 82' lang='lat' dir='ltr'><strong>nuptiis</strong></span> <span class='ocrx_word' id='word_1_302' title='bbox 808 2796 981 2846; x_wconf 86' lang='lat' dir='ltr'><strong>Romanorum</strong></span> <span class='ocrx_word' id='word_1_303' title='bbox 995 2796 1119 2846; x_wconf 86' lang='lat' dir='ltr'><strong>nobilium</strong></span> <span class='ocrx_word' id='word_1_304' title='bbox 1133 2812 1189 2845; x_wconf 86' lang='lat' dir='ltr'><strong>cum</strong></span> 
     </span>
     <span class='ocr_line' id='line_1_33' title="bbox 219 2869 1188 2933; baseline 0 -17"><span class='ocrx_word' id='word_1_305' title='bbox 219 2869 326 2918; x_wconf 86' lang='lat' dir='ltr'><strong>Latinis</strong></span> <span class='ocrx_word' id='word_1_306' title='bbox 337 2872 443 2933; x_wconf 84' lang='lat' dir='ltr'><strong>seminis</strong></span> <span class='ocrx_word' id='word_1_307' title='bbox 457 2878 482 2919; x_wconf 84' lang='lat' dir='ltr'><strong>et</strong></span> <span class='ocrx_word' id='word_1_308' title='bbox 496 2877 601 2929; x_wconf 67' lang='lat' dir='ltr'><strong>canno,</strong></span> <span class='ocrx_word' id='word_1_309' title='bbox 617 2869 682 2919; x_wconf 83' lang='lat' dir='ltr'><strong>bello</strong></span> <span class='ocrx_word' id='word_1_310' title='bbox 698 2875 790 2918; x_wconf 85' lang='lat' dir='ltr'><strong>contra</strong></span> <span class='ocrx_word' id='word_1_311' title='bbox 804 2883 874 2931; x_wconf 86' lang='lat' dir='ltr'><strong>spem</strong></span> <span class='ocrx_word' id='word_1_312' title='bbox 883 2875 984 2930; x_wconf 76' lang='lat' dir='ltr'><strong>exorto,</strong></span> <span class='ocrx_word' id='word_1_313' title='bbox 1000 2875 1102 2918; x_wconf 90' lang='lat' dir='ltr'><strong>cautum</strong></span> <span class='ocrx_word' id='word_1_314' title='bbox 1117 2869 1188 2917; x_wconf 89' lang='lat' dir='ltr'><strong>vide·</strong></span> 
     </span>
     <span class='ocr_line' id='line_1_34' title="bbox 220 2934 1187 3006; baseline -0.001 -18"><span class='ocrx_word' id='word_1_315' title='bbox 220 2956 275 2989; x_wconf 89' lang='lat' dir='ltr'><strong>rnus</strong></span> <span class='ocrx_word' id='word_1_316' title='bbox 289 2939 355 2989; x_wconf 78' lang='lat' dir='ltr'><strong>sato</strong></span> <span class='ocrx_word' id='word_1_317' title='bbox 370 2956 393 2989; x_wconf 91' lang='lat' dir='ltr'><strong>a.</strong></span> <span class='ocrx_word' id='word_1_318' title='bbox 410 2958 434 2989; x_wconf 89' lang='lat' dir='ltr'><strong>u.</strong></span> <span class='ocrx_word' id='word_1_319' title='bbox 449 2952 495 2991; x_wconf 83' lang='grc'><strong>1169.</strong></span> <span class='ocrx_word' id='word_1_320' title='bbox 524 2941 632 3006; x_wconf 75' lang='lat' dir='ltr'><strong>Dionys.</strong></span> <span class='ocrx_word' id='word_1_321' title='bbox 648 2951 705 2998; x_wconf 88' lang='grc'><strong>6,1.</strong></span> <span class='ocrx_word' id='word_1_322' title='bbox 729 2940 847 3004; x_wconf 87' lang='lat' dir='ltr'><strong>Denique</strong></span> <span class='ocrx_word' id='word_1_323' title='bbox 863 2934 928 3003; x_wconf 78' lang='lat' dir='ltr'><strong>‘ieqe</strong></span> <span class='ocrx_word' id='word_1_324' title='bbox 938 2936 1047 2988; x_wconf 88' lang='lat' dir='ltr'><strong>Latina’</strong></span> <span class='ocrx_word' id='word_1_325' title='bbox 1064 2941 1081 2987; x_wconf 90' lang='lat' dir='ltr'><strong>i.</strong></span> <span class='ocrx_word' id='word_1_326' title='bbox 1093 2955 1115 2988; x_wconf 87' lang='lat' dir='ltr'><strong>e.</strong></span> <span class='ocrx_word' id='word_1_327' title='bbox 1131 2940 1187 2987; x_wconf 91' lang='lat' dir='ltr'><strong>iure</strong></span> 
     </span>
     <span class='ocr_line' id='line_1_35' title="bbox 221 3010 1187 3076; baseline -0.001 -17"><span class='ocrx_word' id='word_1_328' title='bbox 221 3010 319 3059; x_wconf 90' lang='lat' dir='ltr'><strong>Latino</strong></span> <span class='ocrx_word' id='word_1_329' title='bbox 334 3011 435 3075; x_wconf 84' lang='lat' dir='ltr'><strong>aliquid</strong></span> <span class='ocrx_word' id='word_1_330' title='bbox 448 3010 562 3060; x_wconf 85' lang='lat' dir='ltr'><strong>obtinere</strong></span> <span class='ocrx_word' id='word_1_331' title='bbox 579 3012 660 3061; x_wconf 80' lang='lat' dir='ltr'><strong>Gaius</strong></span> <span class='ocrx_word' id='word_1_332' title='bbox 669 3011 782 3076; x_wconf 82' lang='lat' dir='ltr'><strong>perinde</strong></span> <span class='ocrx_word' id='word_1_333' title='bbox 796 3011 885 3059; x_wconf 88' lang='lat' dir='ltr'><strong>dicere</strong></span> <span class='ocrx_word' id='word_1_334' title='bbox 895 3017 1014 3074; x_wconf 83' lang='lat' dir='ltr'><strong>poterat,</strong></span> <span class='ocrx_word' id='word_1_335' title='bbox 1029 3018 1105 3075; x_wconf 86' lang='lat' dir='ltr'><strong>atque</strong></span> <span class='ocrx_word' id='word_1_336' title='bbox 1123 3010 1187 3074; x_wconf 67' lang='lat' dir='ltr'><strong>riq-</strong></span> 
     </span>
     <span class='ocr_line' id='line_1_36' title="bbox 216 3078 1186 3148; baseline -0.001 -19"><span class='ocrx_word' id='word_1_337' title='bbox 216 3081 350 3144; x_wconf 79' lang='lat' dir='ltr'><strong>pdoninus</strong></span> <span class='ocrx_word' id='word_1_338' title='bbox 366 3082 397 3129; x_wconf 85' lang='lat' dir='ltr'><strong>L.</strong></span> <span class='ocrx_word' id='word_1_339' title='bbox 409 3094 442 3131; x_wconf 79' lang='lat' dir='ltr'><strong>ru.</strong></span> <span class='ocrx_word' id='word_1_340' title='bbox 458 3084 480 3142; x_wconf 67' lang='grc' dir='ltr'><strong>ἓ.</strong></span> <span class='ocrx_word' id='word_1_341' title='bbox 492 3093 511 3131; x_wconf 86' lang='grc'><strong>9.</strong></span> <span class='ocrx_word' id='word_1_342' title='bbox 536 3082 568 3131; x_wconf 90' lang='lat' dir='ltr'><strong>D.</strong></span> <span class='ocrx_word' id='word_1_343' title='bbox 580 3084 612 3133; x_wconf 87' lang='lat' dir='ltr'><strong>de</strong></span> <span class='ocrx_word' id='word_1_344' title='bbox 627 3085 721 3146; x_wconf 85' lang='lat' dir='ltr'><strong>captio.</strong></span> <span class='ocrx_word' id='word_1_345' title='bbox 738 3082 783 3148; x_wconf 74' lang='lat'><strong>(45¹</strong></span> <span class='ocrx_word' id='word_1_346' title='bbox 794 3080 831 3147; x_wconf 83' lang='lat'><strong>15)</strong></span> <span class='ocrx_word' id='word_1_347' title='bbox 846 3082 917 3131; x_wconf 71' lang='lat' dir='ltr'><strong>discit</strong></span> <span class='ocrx_word' id='word_1_348' title='bbox 932 3078 1004 3146; x_wconf 76' lang='lat' dir='ltr'><strong>‘ieqe</strong></span> <span class='ocrx_word' id='word_1_349' title='bbox 1015 3078 1120 3131; x_wconf 85' lang='lat' dir='ltr'><strong>&#39;nostra’</strong></span> <span class='ocrx_word' id='word_1_350' title='bbox 1138 3083 1156 3129; x_wconf 90' lang='lat' dir='ltr'><strong>i.</strong></span> <span class='ocrx_word' id='word_1_351' title='bbox 1166 3096 1186 3129; x_wconf 88' lang='lat' dir='ltr'><strong>e.</strong></span> 
     </span>
     <span class='ocr_line' id='line_1_37' title="bbox 222 3151 790 3216; baseline 0.005 -17"><span class='ocrx_word' id='word_1_352' title='bbox 222 3153 280 3199; x_wconf 92' lang='lat' dir='ltr'><strong>iure</strong></span> <span class='ocrx_word' id='word_1_353' title='bbox 296 3151 418 3201; x_wconf 87' lang='lat' dir='ltr'><strong>Romano.</strong></span> <span class='ocrx_word' id='word_1_354' title='bbox 453 3152 511 3203; x_wconf 89' lang='lat' dir='ltr'><strong>Vid.</strong></span> <span class='ocrx_word' id='word_1_355' title='bbox 527 3155 603 3203; x_wconf 84' lang='lat' dir='ltr'><strong>etiam</strong></span> <span class='ocrx_word' id='word_1_356' title='bbox 618 3166 638 3216; x_wconf 91' lang='lat'><strong>1,</strong></span> <span class='ocrx_word' id='word_1_357' title='bbox 654 3166 701 3205; x_wconf 78' lang='grc'><strong>199.</strong></span> <span class='ocrx_word' id='word_1_358' title='bbox 721 3166 742 3216; x_wconf 77' lang='lat' dir='ltr'><strong>t,</strong></span> <span class='ocrx_word' id='word_1_359' title='bbox 757 3166 790 3204; x_wconf 86' lang='lat'><strong>96.</strong></span> 
     </span>
    </p>
   </div>
   <div class='ocr_carea' id='block_1_5' title="bbox 216 3289 1189 3645">
    <p class='ocr_par' dir='ltr' id='par_1_5' title="bbox 216 3289 1189 3645">
     <span class='ocr_line' id='line_1_38' title="bbox 293 3289 1187 3360; baseline -0.001 -17"><span class='ocrx_word' id='word_1_360' title='bbox 293 3289 318 3360; x_wconf 72' lang='lat'><strong>§-</strong></span> <span class='ocrx_word' id='word_1_361' title='bbox 334 3294 377 3343; x_wconf 81' lang='lat'><strong>82.</strong></span> <span class='ocrx_word' id='word_1_362' title='bbox 398 3294 436 3357; x_wconf 82' lang='lat' dir='ltr'><strong>Cf.</strong></span> <span class='ocrx_word' id='word_1_363' title='bbox 456 3295 530 3357; x_wconf 79' lang='lat' dir='ltr'><strong>infra</strong></span> <span class='ocrx_word' id='word_1_364' title='bbox 549 3297 588 3357; x_wconf 66' lang='grc'><strong>96.</strong></span> <span class='ocrx_word' id='word_1_365' title='bbox 604 3308 638 3347; x_wconf 85' lang='lat' dir='ltr'><strong>ss.</strong></span> <span class='ocrx_word' id='word_1_366' title='bbox 653 3308 688 3347; x_wconf 79' lang='lat' dir='ltr'><strong>so.</strong></span> <span class='ocrx_word' id='word_1_367' title='bbox 719 3296 774 3359; x_wconf 81' lang='lat' dir='ltr'><strong>Uip.</strong></span> <span class='ocrx_word' id='word_1_368' title='bbox 788 3306 810 3357; x_wconf 83' lang='lat'><strong>5,</strong></span> <span class='ocrx_word' id='word_1_369' title='bbox 824 3306 845 3345; x_wconf 85' lang='lat' dir='ltr'><strong>s.</strong></span> <span class='ocrx_word' id='word_1_370' title='bbox 875 3294 951 3344; x_wconf 85' lang='lat' dir='ltr'><strong>Paul.</strong></span> <span class='ocrx_word' id='word_1_371' title='bbox 972 3305 1041 3357; x_wconf 56' lang='grc'><strong>114.</strong></span> <span class='ocrx_word' id='word_1_372' title='bbox 1061 3296 1101 3355; x_wconf 69' lang='grc'><strong>99.</strong></span> <span class='ocrx_word' id='word_1_373' title='bbox 1118 3305 1187 3344; x_wconf 86' lang='lat' dir='ltr'><strong>1—o.</strong></span> 
     </span>
     <span class='ocr_line' id='line_1_39' title="bbox 216 3362 1187 3435; baseline 0.001 -23"><span class='ocrx_word' id='word_1_374' title='bbox 216 3380 262 3428; x_wconf 81' lang='lat' dir='ltr'><strong>pr.</strong></span> <span class='ocrx_word' id='word_1_375' title='bbox 277 3364 299 3413; x_wconf 91' lang='lat' dir='ltr'><strong>I.</strong></span> <span class='ocrx_word' id='word_1_376' title='bbox 315 3365 347 3413; x_wconf 87' lang='lat' dir='ltr'><strong>de</strong></span> <span class='ocrx_word' id='word_1_377' title='bbox 363 3366 447 3430; x_wconf 79' lang='lat' dir='ltr'><strong>inqen.</strong></span> <span class='ocrx_word' id='word_1_378' title='bbox 464 3364 495 3431; x_wconf 88' lang='lat'><strong>(1,</strong></span> <span class='ocrx_word' id='word_1_379' title='bbox 509 3364 542 3431; x_wconf 87' lang='lat'><strong>4).</strong></span> <span class='ocrx_word' id='word_1_380' title='bbox 603 3363 628 3435; x_wconf 68' lang='grc' dir='ltr'>ξ</span> <span class='ocrx_word' id='word_1_381' title='bbox 644 3368 687 3417; x_wconf 87' lang='grc'><strong>83.</strong></span> <span class='ocrx_word' id='word_1_382' title='bbox 704 3368 742 3430; x_wconf 84' lang='lat' dir='ltr'><strong>Cf.</strong></span> <span class='ocrx_word' id='word_1_383' title='bbox 758 3366 790 3414; x_wconf 89' lang='lat' dir='ltr'><strong>L.</strong></span> <span class='ocrx_word' id='word_1_384' title='bbox 805 3377 839 3416; x_wconf 78' lang='lat'><strong>24.</strong></span> <span class='ocrx_word' id='word_1_385' title='bbox 859 3365 892 3415; x_wconf 87' lang='lat' dir='ltr'><strong>D.</strong></span> <span class='ocrx_word' id='word_1_386' title='bbox 904 3367 1013 3415; x_wconf 88' lang='lat' dir='ltr'><strong>destatu</strong></span> <span class='ocrx_word' id='word_1_387' title='bbox 1027 3366 1092 3415; x_wconf 80' lang='lat' dir='ltr'><strong>Iron.</strong></span> <span class='ocrx_word' id='word_1_388' title='bbox 1108 3363 1141 3430; x_wconf 85' lang='lat'><strong>(1,</strong></span> <span class='ocrx_word' id='word_1_389' title='bbox 1155 3362 1187 3430; x_wconf 82' lang='lat'><strong>5).</strong></span> 
     </span>
     <span class='ocr_line' id='line_1_40' title="bbox 221 3430 1189 3502; baseline 0 -17"><span class='ocrx_word' id='word_1_390' title='bbox 221 3430 246 3502; x_wconf 59' lang='grc' dir='ltr'><strong>ᾖ.</strong></span> <span class='ocrx_word' id='word_1_391' title='bbox 259 3436 302 3487; x_wconf 86' lang='grc'><strong>84.</strong></span> <span class='ocrx_word' id='word_1_392' title='bbox 320 3436 358 3499; x_wconf 82' lang='lat' dir='ltr'><strong>Cf.</strong></span> <span class='ocrx_word' id='word_1_393' title='bbox 371 3436 448 3485; x_wconf 87' lang='lat' dir='ltr'><strong>Pani.</strong></span> <span class='ocrx_word' id='word_1_394' title='bbox 459 3449 479 3488; x_wconf 85' lang='lat'><strong>2.</strong></span> <span class='ocrx_word' id='word_1_395' title='bbox 491 3448 524 3487; x_wconf 82' lang='lat'><strong>21.</strong></span> <span class='ocrx_word' id='word_1_396' title='bbox 544 3436 604 3487; x_wconf 83' lang='lat' dir='ltr'><strong>Tac.</strong></span> <span class='ocrx_word' id='word_1_397' title='bbox 615 3438 679 3487; x_wconf 82' lang='grc' dir='ltr'><strong>Α.4.</strong></span> <span class='ocrx_word' id='word_1_398' title='bbox 691 3451 723 3490; x_wconf 88' lang='grc'><strong>10.</strong></span> <span class='ocrx_word' id='word_1_399' title='bbox 739 3441 762 3501; x_wconf 68' lang='grc' dir='ltr'><strong>ξ.</strong></span> <span class='ocrx_word' id='word_1_400' title='bbox 774 3449 794 3490; x_wconf 74' lang='lat' dir='ltr'><strong>a.</strong></span> <span class='ocrx_word' id='word_1_401' title='bbox 811 3436 895 3501; x_wconf 81' lang='lat' dir='ltr'><strong>ibique</strong></span> <span class='ocrx_word' id='word_1_402' title='bbox 906 3445 957 3488; x_wconf 86' lang='lat' dir='ltr'><strong>not.</strong></span> <span class='ocrx_word' id='word_1_403' title='bbox 968 3438 1000 3487; x_wconf 87' lang='lat' dir='ltr'><strong>L.</strong></span> <span class='ocrx_word' id='word_1_404' title='bbox 1011 3450 1031 3489; x_wconf 81' lang='grc'><strong>9.</strong></span> <span class='ocrx_word' id='word_1_405' title='bbox 1056 3435 1189 3485; x_wconf 63' lang='lat' dir='ltr'><strong>Tiona</strong></span> 
     </span>
     <span class='ocr_line' id='line_1_41' title="bbox 221 3505 1188 3576; baseline 0.003 -23"><span class='ocrx_word' id='word_1_406' title='bbox 221 3505 268 3555; x_wconf 81' lang='lat' dir='ltr'><strong>SC.</strong></span> <span class='ocrx_word' id='word_1_407' title='bbox 287 3507 375 3556; x_wconf 81' lang='lat' dir='ltr'><strong>Claud.</strong></span> <span class='ocrx_word' id='word_1_408' title='bbox 392 3507 424 3573; x_wconf 80' lang='lat'><strong>(4,</strong></span> <span class='ocrx_word' id='word_1_409' title='bbox 438 3505 470 3572; x_wconf 85' lang='lat' dir='ltr'><strong>o).</strong></span> <span class='ocrx_word' id='word_1_410' title='bbox 491 3510 564 3571; x_wconf 83' lang='lat' dir='ltr'><strong>infra</strong></span> <span class='ocrx_word' id='word_1_411' title='bbox 579 3511 618 3570; x_wconf 65' lang='grc' dir='ltr'><strong>ξς.</strong></span> <span class='ocrx_word' id='word_1_412' title='bbox 634 3521 668 3559; x_wconf 82' lang='grc'><strong>91.</strong></span> <span class='ocrx_word' id='word_1_413' title='bbox 684 3521 730 3560; x_wconf 84' lang='grc'><strong>166.</strong></span> <span class='ocrx_word' id='word_1_414' title='bbox 777 3505 802 3576; x_wconf 70' lang='lat'><strong>§-</strong></span> <span class='ocrx_word' id='word_1_415' title='bbox 817 3509 861 3558; x_wconf 81' lang='grc'><strong>86.</strong></span> <span class='ocrx_word' id='word_1_416' title='bbox 878 3508 917 3571; x_wconf 83' lang='lat' dir='ltr'><strong>Cf.</strong></span> <span class='ocrx_word' id='word_1_417' title='bbox 932 3508 964 3557; x_wconf 89' lang='lat' dir='ltr'><strong>L.</strong></span> <span class='ocrx_word' id='word_1_418' title='bbox 979 3521 1046 3572; x_wconf 79' lang='lat' dir='ltr'><strong>upr.</strong></span> <span class='ocrx_word' id='word_1_419' title='bbox 1062 3508 1094 3559; x_wconf 82' lang='lat' dir='ltr'><strong>D.</strong></span> <span class='ocrx_word' id='word_1_420' title='bbox 1110 3524 1142 3559; x_wconf 87' lang='lat' dir='ltr'><strong>ne</strong></span> <span class='ocrx_word' id='word_1_421' title='bbox 1157 3508 1188 3557; x_wconf 86' lang='lat' dir='ltr'><strong>de</strong></span> 
     </span>
     <span class='ocr_line' id='line_1_42' title="bbox 221 3577 875 3645; baseline 0.003 -20"><span class='ocrx_word' id='word_1_422' title='bbox 221 3578 359 3641; x_wconf 71' lang='lat' dir='ltr'><strong>sinnades.</strong></span> <span class='ocrx_word' id='word_1_423' title='bbox 375 3577 421 3643; x_wconf 81' lang='lat' dir='ltr'><strong>(io,</strong></span> <span class='ocrx_word' id='word_1_424' title='bbox 436 3578 479 3643; x_wconf 85' lang='lat'>15).</span> <span class='ocrx_word' id='word_1_425' title='bbox 499 3580 531 3630; x_wconf 83' lang='lat' dir='ltr'><strong>L.</strong></span> <span class='ocrx_word' id='word_1_426' title='bbox 547 3591 567 3630; x_wconf 86' lang='lat' dir='ltr'><strong>s.</strong></span> <span class='ocrx_word' id='word_1_427' title='bbox 589 3580 614 3631; x_wconf 80' lang='lat' dir='ltr'><strong>C.</strong></span> <span class='ocrx_word' id='word_1_428' title='bbox 630 3582 677 3629; x_wconf 87' lang='lat' dir='ltr'><strong>sot.</strong></span> <span class='ocrx_word' id='word_1_429' title='bbox 692 3588 766 3629; x_wconf 79' lang='lat' dir='ltr'><strong>nair.</strong></span> <span class='ocrx_word' id='word_1_430' title='bbox 782 3580 815 3645; x_wconf 83' lang='lat'><strong>(5,</strong></span> <span class='ocrx_word' id='word_1_431' title='bbox 829 3580 875 3645; x_wconf 79' lang='lat' dir='ltr'><strong>rs).</strong></span> 
     </span>
    </p>
   </div>
   <div class='ocr_carea' id='block_1_6' title="bbox 0 0 1280 4000">
    <p class='ocr_par' dir='ltr' id='par_1_6' title="bbox 0 0 1280 4000">
     <span class='ocr_line' id='line_1_43' title="bbox 0 0 1280 4000; baseline 0 0"><span class='ocrx_word' id='word_1_432' title='bbox 0 0 1280 4000; x_wconf 95' lang='lat' dir='ltr'><strong> </strong></span> 
     </span>
    </p>
   </div>
  </div>
 </body>
</html>
