2550 4000
559 271 647 308 ouvs.
1021 253 1082 318 lbl

130 395 239 465 septem
256 394 322 448 libri
334 393 489 464 singulares
507 393 541 472 tle
558 392 660 470 legatis
676 394 706 446 et
717 392 937 472 fideicommissis
946 394 1082 472 llio-36),

131 460 1084 606 tltttpttttttbtbtlllltlltitltttttlttlllltlt

130 597 395 666 iurisprudentrnm,
418 611 535 664 qnorum
553 595 615 648 loca
637 594 752 664 collegit
768 595 880 649 Remius
901 595 937 650 ad
956 595 1102 664 Theoph.‚

132 664 168 717 Il.
185 681 213 742 p.
233 670 298 718 1237
317 679 374 783 sep.
410 661 465 717 Sed
483 662 513 716 et
528 661 583 782 ipsi
600 663 734 730 quattuor
750 661 817 714 libri
833 661 996 740 singulares,
1015 678 1085 731 qnos

131 731 302 808 lastinianus
312 746 350 799 pa
362 746 407 784 am
420 728 489 806 Gaio
500 729 537 782 tri
557 729 737 807 aliquosque
753 727 821 782 olim
832 745 923 807 primo
936 744 1009 783 anno
1021 731 1086 807 post

131 799 326 875 lnstrtotrones
343 813 382 875 ‘ex
404 797 495 874 edicto
514 796 636 875 traditos
658 812 717 875 6666
739 797 890 873 memorat,
914 798 1086 877 conveniunt

132 863 403 997 tlttltlltlb
413 862 579 984 ,tellit
591 863 1086 1001 littlttllllubjtlttlt

133 1013 190 1053 non
208 997 316 1051 dicatur
332 998 417 1052 fuisse
436 1014 470 1052 ex
486 999 566 1051 libris
584 997 621 1051 ad
639 997 772 1063 edictum,
810 997 867 1051 uod
878 997 961 1052 facile
973 998 1003 1051 in
1016 997 1086 1052 obli-

133 1066 246 1119 vionem
262 1065 359 1120 venire
376 1065 482 1135 potuit,
506 1065 556 1120 sed
574 1064 661 1119 Gaius
682 1064 786 1118 idcirco
823 1080 875 1118 anc
891 1065 1040 1119 materiam
1056 1064 1087 1118 in

133 1133 199 1186 Inst.
209 1133 376 1202 praeteriit),
387 1132 422 1186 de
431 1132 528 1186 tutelis
538 1138 547 1196 (
551 1132 668 1202 allegati
677 1131 738 1208 Gai.
749 1138 772 1196 1,
783 1130 898 1208 1861116
909 1132 1087 1186 testamentis

80 1202 123 1252 [91]
133 1202 163 1278 et
180 1198 215 1254 de
233 1199 334 1277 legatis
347 1203 386 1268 (p.
400 1201 526 1258 166661,
540 1201 581 1318 ig:
600 1199 651 1267 qui
667 1198 867 1318 3611661161,
885 1199 919 1276 nt
929 1200 1038 1277 opinor,
1051 1199 1086 1252 ab

132 1283 194 1346 ¹¹³⁸·⁰
213 1265 305 1332 ⁶³³⁰*
319 1267 551 1387 ltttlltlb
573 1281 702 1386 tall
716 1265 937 1386 1111116111
956 1266 1089 1386 bitti

133 1335 200 1471 11111
216 1348 385 1454 1111161ξο6611
396 1401 455 1454 tam
472 1350 673 1477 veeeiisflquam
689 1400 756 1453 novi
768 1400 900 1466 (maxime
913 1348 1023 1469 effringe
1036 1399 1087 1453 lul.

37 1529 41 1535 ¹
135 1469 165 1522 et
175 1467 206 1523 P.
219 1465 260 1532 Ρ.)
280 1467 334 1521 sita
351 1468 419 1525 erat,
449 1465 633 1545 sequentium
645 1481 782 1521 annorum
795 1465 965 1520 lastinianus
976 1469 1088 1520 mutum

134 1533 232 1589 titulos
249 1535 457 1598 commemorat,
474 1551 504 1588 m
515 1535 607 1603 prima
621 1532 703 1602 parte
721 1550 756 1588 ex
774 1534 904 1588 omnibus
921 1534 981 1587 eins
997 1533 1077 1588 libris

133 1601 307 1670 inpartibus
325 1600 360 1655 de
377 1600 487 1655 iudiciis
505 1605 535 1656 et
551 1600 585 1656 de
603 1602 687 1655 rebus
705 1617 740 1656 ex
757 1604 867 1670 septem
885 1600 1020 1662 delectos;
1039 1576 1089 1654 sed

134 1671 164 1724 et
180 1669 296 1738 singulis
312 1669 402 1722 titulis
420 1667 558 1723 Galacum
576 1684 646 1736 opus
663 1668 820 1723 constitisse
837 1668 894 1722 iam
912 1668 1088 1723 animadver-

133 1737 238 1790 timus³
268 1735 398 1790 Ceterum
416 1752 480 1790 cnm
498 1737 584 1790 etiam
602 1736 630 1788 in
645 1735 797 1804 provinciis
815 1737 845 1789 et
856 1736 977 1788 maxime
990 1735 1089 1803 Beryti

134 1805 164 1857 et
181 1802 422 1872 Constantinopoli
438 1803 481 1856 ius
499 1803 594 1856 doceri
612 1804 744 1872 coeptum
767 1804 852 1869 esset,
876 1802 919 1855 his
941 1803 971 1855 in
988 1802 1089 1856 scholis

208 1977 227 2045 ¹)
246 1979 296 2030 llcc
315 1980 442 2031 conicienti
466 1980 523 2031 mihi
546 1979 628 2030 nescio
644 1979 762 2043 quomodo
781 1979 908 2030 lludorssus
926 1977 1053 2046 (Zeitschr.
1073 1980 1089 2030 l.

135 2051 304 2113 Rechtsgescb.
320 2051 360 2099 lll.
374 2066 397 2113 p.
413 2049 457 2115 aa.)
471 2051 529 2113 vitio
543 2057 635 2099 vertere
652 2050 737 2113 possit,
752 2050 816 2114 quod
829 2065 876 2099 nou
890 2051 1051 2114 respexerim,
1066 2058 1089 2099 et

136 2122 271 2183 visigothos
282 2128 306 2169 et
315 2120 446 2169 Orientales
456 2134 484 2169 ex
495 2126 605 2184 quattuor
615 2120 669 2169 Gall
677 2119 852 2169 Institutionum
861 2120 929 2169 libris
939 2121 999 2169 duos
1008 2127 1090 2183 poste·

136 2192 214 2242 riores
228 2192 252 2240 in
267 2191 355 2240 scholis
370 2190 494 2240 abiecisse.
524 2189 583 2239 Nam
603 2197 626 2239 et
645 2190 707 2253 quod
720 2190 749 2238 de
764 2190 923 2239 Orientalibus
938 2190 1008 2253 dicit,
1027 2190 1090 2239 nullo

136 2268 234 2312 auctore
249 2262 331 2311 nititur
344 2260 385 2325 (cl.
400 2276 423 2324 p.
439 2270 485 2312 155.
501 2268 549 2309 not.
564 2258 597 2325 a),
611 2274 655 2309 nec
670 2267 744 2311 tolum
758 2261 817 2323 boc,
831 2261 893 2325 quod
909 2274 990 2309 omnes
1005 2261 1092 2324 partim

135 2332 246 2383 barbaric
261 2332 331 2381 istius
345 2331 396 2381 aeri
410 2332 552 2395 pigritiaquo
560 2331 695 2381 scholarum
709 2332 796 2394 partim
806 2331 971 2393 desuetudine,
986 2331 1011 2379 iu
1021 2346 1091 2396 quam

80 2394 85 2403 ’
136 2404 174 2453 166
189 2404 213 2451 in
227 2403 274 2451 illis
287 2402 356 2451 libris
370 2402 482 2451 traditum
496 2402 599 2463 abierat,
614 2402 725 2451 ellectum
740 2416 794 2451 esse
808 2402 973 2463 consentiunt,
988 2402 1017 2451 ad
1031 2416 1090 2464 rem,

137 2474 167 2523 de
182 2489 227 2537 qua
240 2473 281 2522 hic
294 2472 377 2535 agitur,
392 2472 517 2536 quicquam
532 2473 595 2521 lacit.
620 2472 687 2530 Quod
702 2487 758 2522 vcro
773 2472 840 2521 deb.
855 2486 878 2535 p.
890 2473 952 2535 apud
962 2471 1014 2521 Gal.
1025 2484 1046 2534 a,
1056 2484 1090 2525 83.

137 2544 228 2606 obiicit,
243 2544 266 2592 id
278 2558 315 2593 me
325 2557 369 2592 nec
384 2542 527 2592 intellexisse
538 2544 620 2592 latcor.
670 2538 690 2608 ¹)
705 2543 728 2591 ls
742 2543 805 2592 enim
819 2544 863 2592 bas
877 2542 1000 2605 materias,
1014 2543 1091 2593 adbuc

136 2620 228 2665 tantum
241 2614 266 2663 in
280 2614 349 2663 libris
363 2612 422 2663 iuris
438 2614 513 2662 civilis
528 2620 552 2662 ct
566 2614 665 2662 maxime
679 2613 704 2663 iu
714 2613 849 2663 Sabinianis
859 2613 993 2663 accuratius
1004 2620 1091 2663 tracta-

136 2693 186 2747 tas,
210 2685 234 2733 in
253 2684 325 2734 edicti
345 2684 455 2747 perpetui
476 2684 649 2747 compositione
671 2684 742 2744 etiem
760 2684 839 2733 edicto
865 2691 1013 2747 asseruerat,
1031 2698 1091 2747 quae

137 2754 227 2819 passim
242 2754 271 2803 de
286 2755 316 2803 lis
330 2760 398 2803 antea
412 2754 579 2816 adtestantur,
594 2754 725 2816 colligendo
744 2763 769 2803 et
782 2754 827 2803 sub
842 2755 914 2803 certis
928 2754 1004 2803 titulis
1019 2754 1091 2802 semel

136 2824 299 2890 proponendo.
329 2823 363 2875 Cl.
378 2824 444 2873 Leist
457 2824 650 2889 Rechtssysteme
663 2840 687 2888 p.
702 2836 750 2887 aa,
769 2840 783 2875 6
797 2839 843 2888 quo
863 2824 969 2873 adhibito
983 2824 1092 2887 Byzanti·

136 2910 223 2945 norum
243 2895 378 2945 testimonio
397 2902 421 2944 et
444 2894 534 2945 diserto
557 2902 580 2945 et
604 2895 729 2944 verisimili
751 2901 849 2957 psopter
869 2901 989 2944 caeteram
1010 2909 1092 2943 eorum

136 2966 293 3029 ignorantiam
307 2966 365 3015 fides
381 2965 515 3028 deroganda
529 2980 576 3015 non
591 2973 650 3015 erat.
689 2962 710 3030 8)
724 2965 801 3014 Etiam
811 2979 863 3013 mos
874 2965 1006 3027 singulares
1016 2965 1091 3014 libros

137 3037 280 3100 appellandi,
295 3051 348 3086 cum
362 3037 432 3085 unico
448 3036 509 3086 libro
524 3036 664 3099 opusculum
678 3042 812 3097 constaret,
833 3036 953 3100 antiquior
966 3035 1025 3085 Gaio
1045 3051 1092 3085 non

137 3107 238 3156 ridetur.
266 3107 306 3157 Sic
319 3112 415 3170 praeter
429 3107 573 3170 ipsnmeius
588 3105 698 3171 aequales
712 3106 826 3155 lulianum
845 3108 875 3155 de
890 3107 1090 3169 ambiguitatibus,

137 3177 292 3239 Pomponium
311 3178 437 3227 euchiridii
454 3178 542 3227 librum
562 3178 706 3239 singularem
729 3177 822 3227 invenio
846 3192 984 3241 scripsisse.
1019 3178 1093 3226 Antea

137 3247 199 3296 liber
213 3247 351 3310 simpliciter
361 3248 491 3310 dicebatur,
507 3262 542 3297 ex.
553 3263 588 3310 gr.
600 3255 626 3297 ut
642 3248 787 3311 antiquiores
801 3254 901 3310 taceam,
916 3248 1006 3297 Neratii
1017 3248 1092 3297 Prisci

137 3318 167 3367 dc
183 3317 277 3367 dotibus
292 3318 361 3382 (Gell.
375 3330 397 3381 4,
407 3316 439 3385 t),
454 3318 551 3367 ldasurii
565 3318 648 3368 Sabini
662 3318 692 3367 de
707 3319 775 3368 lunis
789 3316 960 3384 (Gell.11,18),
975 3318 1092 3366 labeonis

137 3388 167 3438 da
187 3388 266 3438 allicio
285 3390 405 3438 senatorio
427 3388 497 3455 (Gell.
512 3400 534 3452 4,
549 3387 598 3455 ιο),
613 3388 723 3438 Cascellii
742 3403 802 3437 unus
820 3388 1001 3438 benedictorum
1016 3388 1051 3453 (L.
1071 3399 1092 3438 a.

136 3460 160 3521 ὅ.
174 3470 209 3510 44.
225 3459 251 3509 u.
267 3460 296 3508 de
311 3460 370 3521 orig.
386 3460 430 3507 iur.
446 3471 466 3521 1,
481 3458 512 3525 a).
541 3458 568 3517 Q.
584 3460 687 3509 bluoium
701 3473 757 3508 lero
772 3460 818 3507 alia
832 3459 924 3507 ratione
942 3459 1028 3507 librum
1042 3459 1092 3507 siu·

137 3530 242 3592 6616666
255 3520 329 3595 ὅρων
352 3530 493 3593 scripsisse,
511 3530 603 3579 ratione
622 3530 714 3579 scilicet
732 3528 812 3578 babila
830 3529 946 3578 librorum
960 3529 1093 3578 octodecim

137 3601 167 3651 de
181 3602 232 3651 iura
247 3601 319 3663 civili,
334 3600 420 3664 quibus
435 3600 503 3664 quasi
516 3601 634 3649 universis
649 3600 783 3662 accederet,
793 3600 840 3647 iam
855 3599 910 3648 dixi.
