2550 4000
389 175 448 212 anu
466 175 568 211 ansata.
586 155 621 209 ΙΙ.
641 158 749 212 65-70.
992 155 1055 222 235

149 312 197 378 66.
212 317 285 393 Ergo
302 333 334 373 en
349 317 401 390 his,
417 333 486 389 quae
501 316 631 388 diximus,
648 313 775 390 adparet,
794 312 924 388 quaedam
938 314 1054 371 naturali

73 405 144 460 iure
160 403 280 472 alienari,
297 401 386 476 qualia
401 411 465 458 suut
481 418 528 472 ca,
550 417 619 475 quae
635 399 780 456 traditione
795 398 956 469 alienantur,
971 415 1054 472 qnae·

73 489 146 544 olam
162 487 252 555 ciuili3
268 502 328 544 nam
338 487 551 561 mancipationis
568 494 595 542 et
609 487 636 541 in
652 485 710 540 iure
722 480 853 540 cessionis
869 492 896 540 et
911 485 1054 558 usucapio·

74 575 126 629 nis
144 573 188 628 ius
203 573 344 647 proprium
360 579 402 628 cst
418 573 518 628 ciuium
532 571 725 627 Romanorum.

15 671 57 719 so]
150 651 200 716 66,
220 655 275 714 Nec
297 665 385 713 tamen
406 672 437 712 ea
458 664 578 727 tautum,
600 671 673 729 quae
695 651 839 709 traditione
860 662 955 709 nostra
975 650 1054 725 liunt,

75 740 204 799 naturali
219 740 298 798 nobis
313 742 419 798 ratione
435 738 624 814 adquiruntur,
642 737 690 795 sed
706 738 786 793 ctiam
801 730 879 794 cum¹
896 737 1054 812 occupando

74 827 146 884 idco
157 818 492 899 'rescomparauerimus,²
503 825 570 898 quia
583 821 770 881 anteanallius
782 832 882 892 essent,
894 821 1055 895 qualiasuut

76 912 187 983 omnia,
209 926 276 984 quae
293 918 373 982 terra,
394 901 487 981 mari,³
508 908 586 966 coelo
607 909 761 982 capiuntur.
801 901 847 963 dt.
862 906 958 980 ltaque
973 906 996 962 si
1009 906 1056 979 fe·

77 1011 144 1052 ram
159 996 271 1051 bestiam
287 1002 334 1052 aut
348 994 488 1051 uolucrem
501 1002 547 1049 aut
560 995 661 1068 piscem
676 992 856 1064 'ceperimus
872 993 956 1048 simcd
968 998 1056 1065 alque

76 1088 195 1154 captum
207 1079 300 1152 fucrit
314 1081 368 1135 doc
383 1080 507 1149 animal,
524 1087 529 1140 t
545 1071 656 1134 statim⁴
670 1083 798 1134 nostrum
818 1079 867 1148 sit,
889 1083 916 1132 et
931 1091 1056 1149 eoasque

80 1173 215 1220 nostram
230 1179 291 1220 esse
306 1163 484 1238 intellegitur,
503 1154 507 1241 Ι
524 1161 722 1235 ᾱοηεοῃοεῑω
742 1162 866 1217 custodia
880 1170 1054 1229 coerceatur;
1064 1167 1104 1216 to.

78 1265 148 1305 cum
171 1264 236 1304 uero
255 1247 404 1304 custodiam
424 1254 544 1303 nostram
567 1248 686 1302 suaserit
707 1254 735 1301 et
754 1247 782 1300 in
804 1243 953 1301 naturalem
975 1244 1055 1302 liber-

80 1341 171 1389 tatem
187 1348 217 1388 se
232 1333 387 1406 receperit,
406 1347 502 1388 rursus
523 1331 681 1406 occupantis
704 1328 747 1402 fia,
771 1331 833 1403 quia
854 1338 980 1386 nostrum
995 1345 1056 1386 csse

79 1410 230 1474 'desiuit:⁶
251 1415 400 1472 naturalem
420 1424 510 1473 autem
530 1415 683 1472 libertatem
703 1417 826 1488 recipere
847 1413 972 1486 uidetur,
994 1429 1055 1471 cam

81 1509 134 1558 aut
150 1499 246 1558 oculos
262 1508 371 1557 nostros
387 1501 519 1577 suaserit,
541 1508 587 1557 aut
608 1500 673 1556 licet
688 1503 717 1555 in
732 1508 881 1572 conspectu
896 1501 932 1555 sit
947 1507 1053 1568 nostro,

82 1583 203 1642 difficilis
226 1593 315 1643 tamen
335 1587 363 1641 iu
385 1601 414 1642 re
435 1586 493 1642 cius
514 1575 691 1660 persecutio⁰
711 1585 757 1641 sit.
793 1580 845 1641 68.
861 1583 890 1640 ln
909 1585 944 1640 ris
965 1591 1056 1641 autem

83 1669 257 1741 animalibus,
274 1687 342 1744 quae
357 1685 389 1726 er
405 1669 602 1727 consuetudine
619 1668 693 1726 abire
708 1675 736 1725 et
751 1668 839 1725 redire
852 1669 952 1740 solent,
970 1669 1056 1724 ueluti

82 1754 219 1812 columbis
232 1763 260 1811 et
271 1754 376 1829 apibus,
391 1756 457 1811 item
469 1755 568 1826 cernis,
580 1755 627 1827 qui
640 1755 666 1809 in
678 1753 763 1809 siluas
773 1755 814 1809 ire
825 1752 1056 1823 etredtrcsolent,

86 1837 172 1896 talem
198 1838 328 1896 habemus
354 1839 475 1912 regulam
498 1838 635 1911 traditam,
664 1846 695 1894 ut
719 1840 742 1894 si
762 1837 918 1894 reuertendi
939 1838 1056 1893 animum

85 1922 187 1980 habere
209 1923 354 1995 desierint,
376 1925 456 1979 etiam
471 1931 565 1979 nostra
580 1938 641 1979 asse
655 1922 781 1980 desinant
792 1931 824 2008 pt
843 1919 908 1978 liant
924 1938 1056 1996 occupau-

85 2010 171 2065 tium:
200 2008 357 2065 reuertendl
383 2017 472 2064 autem
500 2010 617 2064 animum
645 2007 773 2064 uidentur
801 2009 925 2065 desinere
945 2006 1055 2079 habere,

85 2110 151 2149 cum
172 2091 329 2150 reuertendi
350 2091 574 2149 consuetudinem
596 2092 778 2150 deseruerint.
812 2088 862 2151 69.
880 2091 915 2147 Ea
937 2108 1056 2167 quoquc,

86 2194 158 2252 quac
174 2194 207 2233 en
222 2174 347 2233 hostibus
363 2176 522 2251 capiuntur,
538 2176 652 2233 naturali
667 2178 771 2233 ratione
787 2185 881 2234 nostra
897 2175 975 2233 liunt.

152 2256 202 2318 to.
219 2260 273 2317 Sed
289 2268 316 2317 ct
331 2260 369 2335 id,
392 2262 465 2335 quod
480 2278 530 2336 per
544 2262 711 2318 alluuiouem
726 2261 803 2319 nobis
818 2262 940 2324 adicitur,
962 2259 1056 2317 codem

88 2349 149 2403 iure
163 2354 290 2403 nostrum
306 2344 350 2402 fit:
372 2362 423 2421 per
437 2345 601 2403 alluuiouem
616 2354 707 2403 autem
723 2347 753 2403 id
768 2348 877 2404 uidetur
890 2346 968 2417 adlci,
984 2346 1056 2421 quod

163 2495 184 2562 1)
198 2506 214 2547 n
228 2496 321 2548 Sclred.
336 2498 437 2548 Blrrdm.
454 2499 539 2562 suerit
553 2508 590 2548 cd.
662 2496 683 2565 ¹)
697 2498 743 2549 Sic
757 2515 827 2549 nunc
844 2499 896 2565 (ed.
910 2496 934 2564 o)
949 2514 1002 2564 pro
1017 2513 1057 2547 res

90 2569 275 2633 adquisierimue
294 2571 391 2633 scripsi
406 2571 466 2634 sere
484 2586 519 2619 ea·
542 2566 595 2619 Vll.
629 2570 662 2618 Ire
680 2571 706 2621 0.
723 2571 809 2633 suerit
825 2586 866 2620 res
886 2570 1056 2634 c'pauerimus.

93 2637 116 2703 8)
131 2654 175 2704 que
190 2640 265 2689 addit
284 2636 330 2690 V!l
342 2641 454 2705 pallidis
472 2641 580 2698 litteris,
600 2648 628 2689 ut
647 2643 699 2706 lepi
713 2644 798 2703 poscit
812 2656 912 2705 quaene.
977 2638 1000 2706 ⁴)
1013 2639 1058 2689 Er

97 2707 143 2759 V⁸²
160 2712 277 2774 priorem
299 2712 487 2761 restitutionem
501 2713 594 2775 paullo
615 2712 759 2770 immutavi,
778 2721 916 2777 postquam
934 2713 1057 2770 constitit,

88 2783 200 2847 primam
215 2784 326 2832 litteram
341 2784 425 2832 ultimi
438 2799 460 2831 a.
474 2797 529 2831 ease
543 2797 563 2831 s.
621 2778 643 2847 υ)
658 2782 747 2831 desinit
762 2782 788 2831 O.
803 2784 861 2833 edd,
876 2785 953 2833 etiam
968 2799 1022 2833 mea
1037 2796 1057 2833 1.

93 2850 116 2919 ὅ)
130 2854 164 2901 rei
178 2854 286 2916 paeoniio
299 2852 324 2903 0.
341 2849 410 2921 inlrei
424 2853 488 2919 (pro
498 2851 559 2920 rce')
570 2854 707 2915 persecutio
723 2848 774 2902 W.
799 2855 835 2902 rei
845 2854 979 2917 persecutio
989 2854 1057 2916 edd,

93 2922 136 2972 ubi
154 2924 189 2973 rei
208 2930 246 2973 est
260 2923 435 2983 intolerabile,
456 2925 523 2973 unde
541 2924 581 2973 ed.
597 2936 617 2975 a.
638 2940 673 2973 em
691 2924 755 2973 Iasi,
774 2926 932 2988 scripseram
951 2926 1002 2974 eins
1023 2925 1058 2990 (et

80 2996 132 3051 esic
145 2994 184 3043 ed.
199 2993 294 3061 Sirim).
322 2994 375 3044 Sed
391 2993 471 3045 Gaius
485 2994 534 3045 doc
548 2996 626 3051 dicii,
646 2996 781 3058 difficilem
794 3010 849 3046 ecce
863 3004 984 3060 oportere
995 3013 1056 3061 per·

92 3066 244 3115 secutionem
259 3081 310 3117 mora
325 3066 398 3116 nobis
412 3073 517 3125 tantum,
531 3066 620 3116 sedin
635 3067 745 3129 ipsare.
761 3067 796 3130 cf.
808 3083 851 3117 eac.
864 3084 907 3133 pr.
918 3068 951 3118 L.
967 3080 986 3120 t.
1002 3071 1025 3132 ς.
1036 3082 1056 3121 1.

93 3136 125 3185 D.
140 3137 171 3185 de
185 3144 285 3201 except.
301 3135 346 3203 (44,
361 3136 392 3203 1).

163 3257 188 3329 ξ.
204 3264 245 3313 65.
263 3262 301 3325 Os.
312 3263 335 3323 ὅ.
351 3274 384 3313 11.
405 3261 473 3311 de
488 3278 541 3312 rer.
554 3263 606 3311 dio.
621 3260 695 3326 (ml).
715 3262 825 3327 L.1pr.
837 3264 868 3312 D:
884 3264 917 3313 de
930 3279 988 3327 aeq.
1003 3278 1056 3314 rer.

94 3334 156 3383 dom.
172 3331 217 3397 (41,
233 3331 264 3397 1).
286 3333 338 3383 Cic.
354 3332 385 3381 dc
400 3332 468 3395 offic.
480 3345 546 3395 t,12.
601 3329 646 3402 ἐξ.
657 3336 771 3385 cao-68.
789 3335 827 3397 Cf.
843 3334 876 3385 L.
892 3346 911 3383 1.
927 3335 951 3394 ς.
967 3345 987 3383 1.
1001 3332 1057 3385 La

91 3420 133 3467 pr.
148 3404 170 3465 ἕ.
186 3415 206 3455 i.
226 3404 257 3453 L.
273 3413 294 3455 a.
310 3418 353 3467 pr.
368 3403 391 3464 ἕ.
406 3413 427 3453 5.
447 3403 480 3451 D.
495 3404 527 3452 de
541 3419 597 3468 aeq.
612 3420 666 3454 rer.
682 3405 747 3454 dom.
764 3402 860 3470 (41‚1).
880 3405 919 3464 ἐξ.
935 3414 968 3453 ti.
984 3414 1017 3455 ta.
1033 3403 1057 3452 I.

95 3472 352 3540 der·er.dio.(n,1).
407 3469 432 3541 ξ
448 3476 490 3525 69.
509 3473 546 3531 af.
557 3474 590 3524 L.
605 3486 625 3527 5.
642 3477 666 3537 ξ.
682 3488 702 3527 t.
723 3475 754 3523 D.
765 3476 821 3525 eod.
837 3476 859 3536 ξ.
871 3486 904 3524 ta.
924 3472 996 3526 Lair.
1012 3476 1056 3525 cit.

95 3541 120 3613 ξ.
135 3547 174 3596 to.
192 3545 230 3608 cf.
246 3545 277 3594 L.
293 3556 313 3595 r.
328 3546 351 3606 ς.
367 3556 386 3595 ι.
407 3544 439 3593 4).
454 3546 493 3593 tit.
508 3546 551 3594 cit.
569 3547 591 3606 ξ.
606 3545 731 3597 codro.
747 3547 791 3594 ets.
