2550 4000
393 244 455 278 eru
474 245 578 280 1nsr1n.
596 229 618 281 Ι.
636 234 746 283 'Ii-⁷5.
994 231 1054 294 191

72 387 158 440 emus
176 386 273 439 aetatis
287 383 360 439 filius
375 387 413 440 sit
428 381 544 454 fiiiaue¹,
568 387 643 443 'eum
666 392 919 445 senatusconsulto
933 391 1006 445 ninii
1019 392 1056 446 de

74 486 115 525 ea
133 487 169 525 re
184 477 345 525 caueatur.-
366 474 424 525 nisi
444 465 540 542 forte²
555 475 561 537 Ι
577 471 688 526 Latinus
709 473 767 528 'uel
781 473 886 529 lutino
904 491 1051 545 propono·

74 547 157 624 tur‚³
173 555 240 625 quia
256 557 343 609 etium
358 569 398 611 en
413 559 479 626 ipso
494 559 557 629 leye
571 556 656 612 Aelia
668 557 769 614 Sentio
780 557 897 628 hirini,
912 553 952 612 si⁴
966 560 1056 614 minor

75 637 209 694 anniculo
231 641 269 693 sit
291 635 365 693 filius
388 637 488 710 ciliane,
511 657 590 696 causa
614 641 724 714 probari
737 658 794 697 non
809 650 912 713 potest.
946 659 999 698 nee
1012 659 1056 698 me

74 725 224 797 praeterit,
238 723 268 777 in
281 723 373 796 aliquo
386 725 522 798 rescripto
533 724 590 780 diui
599 725 727 781 Hadriani
742 727 780 782 ita
789 743 851 781 esse
862 730 1054 797 coustitutum,

75 818 220 880 tamquam
236 806 310 880 quod
326 808 359 863 ati
375 810 477 864 erroris
492 825 605 883 quoque
621 813 626 874 1
644 827 766 866 causam
782 811 948 883 probandam
963 811 1056 867 'unni

76 896 175 948 culum
195 894 287 963 fitium
306 890 411 948 iactum
430 909 549 950 neeesse
563 889 635 962 sit;⁵
651 900 657 961 Ι
672 894 735 950 ’sed
754 913 812 951 non
836 911 952 966 semper
965 895 1058 952 uideri

77 978 167 1033 debet
181 975 315 1049 penei-aie
333 981 377 1033 ius
397 980 562 1054 indeletum,
583 971 661 1034 eum⁶
678 981 827 1052 imperator
842 980 1001 1052 'epistulam
1016 981 1057 1035 nd

11 1071 61 1122 119]
79 1053 234 1134 quendam⁷
249 1060 333 1119 dedit.
353 1059 358 1136 Ι
377 1057 424 1120 in
445 1063 483 1118 'Si
503 1065 666 1136 peregrinus
683 1060 764 1138 (cum
784 1067 878 1120 ciuem
892 1066 1055 1120 Romanum
1066 1051 1110 1154 {⁰3

77 1161 111 1202 se
128 1139 291 1216 crederet)⁸
305 1147 393 1202 oiuem
408 1146 556 1203 Romanam
573 1164 686 1204 uxorem
701 1148 821 1218 duxerit,
837 1165 871 1203 an
887 1165 928 1204 ex
941 1156 1054 1204 senatus
1079 1146 1085 1157 “
1111 1144 1117 1155 “

78 1230 210 1286 consulto
227 1247 349 1286 eausam
364 1231 492 1304 protbare
504 1236 605 1304 possit,
622 1235 781 1306 quaesitum
796 1226 863 1288 est.⁹
887 1248 943 1288 nee
957 1239 1053 1288 temen

77 1321 187 1387 potest,
203 1319 271 1388 quia
282 1317 479 1390 idpereprino
495 1320 758 1373 senatusconsulto
769 1318 944 1388 nonciatur,
959 1333 1054 1388 quam·

80 1402 125 1455 uis
152 1401 213 1472 ipse
240 1401 372 1472 deeeptus
396 1400 467 1458 male
491 1402 579 1456 ciuem
604 1402 757 1458 Romanum
781 1402 914 1471 duxerit,
941 1394 1052 1467 nisi¹⁰i

80 1487 136 1539 hoc
151 1487 176 1538 ei
192 1485 346 1557 specialiter
366 1500 528 1541 concessum
550 1495 601 1542 est.
636 1485 685 1541 sed
705 1503 767 1542 eum
787 1489 950 1560 peregrinus
965 1489 1052 1541 cinero

79 1570 228 1625 Romanam
242 1585 354 1624 uxorem
364 1569 487 1625 duxisset
500 1579 528 1626 et
538 1569 593 1627 filio
605 1579 671 1626 nato
681 1571 748 1626 alias
758 1572 898 1626 eiuitatem
906 1570 1053 1626 Romanam

80 1663 250 1710 consecutus
265 1663 349 1725 esset,
364 1654 462 1711 deiude
477 1671 539 1711 cum
554 1663 747 1728 quaereretur,
764 1672 798 1710 an
813 1671 921 1711 cauum
936 1653 1053 1728 probare

80 1748 188 1812 posset,
200 1739 344 1811 rescripsit
356 1740 505 1812 imperator
517 1741 679 1809 Antoninus,
692 1740 805 1814 perinde
817 1756 900 1814 posse
914 1754 980 1795 eum
990 1755 1053 1794 eau-

81 1839 139 1878 sam
151 1824 279 1896 probare,
294 1831 377 1896 atque
389 1825 411 1878 si
425 1827 586 1898 peregrinus
598 1828 751 1883 mansisset.
777 1841 810 1880 ex
822 1840 877 1898 quo
887 1823 1052 1896 colligimus,

81 1909 165 1962 etiam
177 1908 353 1981 peregrinum
367 1925 475 1964 causam
485 1912 600 1982 probare
613 1927 708 1982 posse.
733 1905 778 1965 75.
795 1909 832 1963 Ex
844 1909 889 1980 iis,
902 1924 972 1983 quae
985 1907 1053 1964 dini·

159 2058 180 2123 ¹)
195 2060 240 2109 Etc
263 2059 291 2109 V
291 2055 313 2091 Β*
330 2068 355 2108 et
377 2060 469 2111 Go‘aclt.
488 2060 582 2111 Scied.
639 2058 662 2127 ²)
680 2062 778 2111 Sensus
794 2062 950 2125 explicandi
972 2075 1053 2109 causa

81 2133 202 2189 restitui,
221 2134 289 2181 notis
308 2134 436 2194 scriptum
459 2132 605 2182 arbitratus
625 2130 725 2190 ‘eum',
744 2130 894 2189 ‘eomuito',
910 2128 1007 2180 ‘ninii’
1028 2138 1054 2179 et

84 2200 246 2253 ‘caueatur’.
320 2198 342 2268 8)
357 2202 421 2251 Item
435 2206 539 2253 restitui
554 2205 622 2254 notis
635 2204 762 2253 adhibitis
778 2205 805 2251 in
825 2199 890 2251 ‘uel’
906 2208 932 2251 et
947 2198 1052 2265 ‘propo-

81 2271 185 2324 netur'.
237 2269 258 2337 ⁴)
279 2272 325 2322 Sic
344 2290 414 2323 nune
433 2290 498 2339 quoe
520 2276 614 2324 desunt
636 2278 775 2324 restituere
797 2275 891 2335 malui,
912 2289 968 2322 eum
987 2273 1012 2320 ni
1031 2273 1053 2320 si

83 2348 161 2395 initio
175 2362 198 2393 u.
214 2356 248 2394 19.
264 2352 362 2393 eertum
376 2347 569 2396 esaeoideatur.
626 2343 648 2412 ὅ)
664 2346 829 2396 Probabilem
838 2360 940 2394 sensum
949 2344 1054 2393 restitui

77 2433 132 2481 pro
150 2418 232 2480 spatii
250 2417 324 2466 modo
342 2423 369 2465 et
381 2420 481 2480 partim
498 2418 639 2467 secundnm
657 2419 752 2467 duetus
765 2416 871 2475 Senem,
892 2431 957 2480 quos
970 2417 1052 2463 inter·

78 2496 188 2552 pretor:
202 2488 338 2535 anniculum
355 2488 405 2537 filiu
420 2490 475 2537 ieet.
489 2504 590 2538 neeesse
605 2490 644 2538 sit.
673 2489 761 2554 Igitur
780 2506 802 2537 o.
823 2484 936 2537 ‘attinet’
957 2488 1052 2537 omissa

83 2568 130 2615 est,
144 2566 173 2607 ut
183 2560 245 2621 fieri
263 2560 437 2623 solet(1‚1to.
455 2573 477 2610 4.
491 2557 538 2625 eo).
600 2557 738 2624 ⁶)Ductus
755 2559 849 2609 Seied.
867 2573 976 2608 servans
994 2565 1051 2606 tan·

84 2647 160 2695 quum
174 2637 251 2680 notes
265 2646 316 2679 non
331 2632 493 2680 continentes
505 2632 618 2681 restitui.
677 2629 697 2695 ⁷)
711 2630 838 2680 Similiter
851 2632 956 2679 restitui
970 2627 1071 2694 (eret;·

84 2700 206 2766 epistula).
226 2701 338 2749 tuendam
357 2716 392 2750 eae
409 2701 510 2751 Blultm.
529 2701 621 2751 Sched.
641 2703 700 2752 edd.
737 2701 791 2751 Sed
806 2701 953 2752 Goeselaeno
963 2702 1052 2763 prime

84 2776 173 2823 littere
187 2774 290 2821 ineerta
304 2774 361 2821 visa
376 2780 421 2821 est.
450 2773 495 2821 Aa
507 2789 561 2822 rem
575 2774 610 2834 ef.
624 2772 763 2837 Schultinp
773 2788 826 2835 pro
840 2773 978 2833 rescriptis
991 2773 1051 2832 imp.

83 2848 108 2907 §-
122 2856 143 2893 4.
169 2844 272 2893 Punite
282 2842 380 2892 Instl.
396 2846 420 2905 §-
432 2856 479 2894 111.
536 2841 556 2908 ⁸)
573 2844 649 2893 Nunc
664 2844 703 2910 (in
718 2845 758 2893 ed.
768 2842 792 2909 a)
802 2843 903 2891 addidi.
929 2841 968 2905 Of.
983 2843 1007 2903 ς.
1017 2850 1050 2891 m.

86 2912 108 2981 ⁹)
123 2915 198 2965 Haec
213 2916 315 2978 quidem
325 2919 353 2963 in
369 2914 395 2963 V
395 2912 415 2946 Β*
425 2914 462 2981 (et
470 2916 591 2965 similiter
601 2918 628 2964 in
638 2914 729 2979 Suppl.
740 2914 778 2963 St.
785 2930 814 2977 p.
827 2912 951 2977 XXIII.)
965 2928 1052 2976 quem·

84 2990 124 3037 uis
141 2986 166 3035 0.
181 2986 224 3035 Iu'e
238 2986 395 3050 difficillimo
410 2989 487 3045 lectu,
501 2988 577 3036 etiam
592 2988 684 3036 indeo
698 2986 784 3035 uerbis
798 2986 892 3034 duxerit
906 2998 936 3032 an
949 2985 1051 3047 aliqua·

84 3067 158 3109 tenus
172 3064 245 3107 certa
259 3058 395 3106 videntur:
412 3059 460 3107 sed
477 3065 560 3107 tamen
579 3059 594 3106 b
613 3060 705 3107 lectum
720 3058 815 3121 putaui
828 3072 881 3121 pro
893 3058 908 3105 ὅ
922 3053 1051 3122 (oausam).

88 3128 158 3189 Quae
176 3144 238 3178 vero
257 3128 307 3177 Kr.
326 3130 366 3177 ed.
387 3142 399 3179 u
418 3130 512 3178 deinde
526 3131 649 3192 proxime
663 3136 725 3192 post
742 3132 863 3178 lacunam
881 3129 957 3192 quasi
974 3129 1003 3175 in
1024 3126 1050 3174 0.

85 3204 151 3251 lecta
160 3207 185 3250 et
195 3207 292 3249 tantum
301 3201 377 3250 initio
388 3202 504 3267 suppieto
514 3200 603 3249 nubet:
618 3197 748 3264 ‘probare
764 3200 768 3265 Ι
784 3214 880 3249 oausam
892 3212 939 3247 uon
949 3194 1050 3261 potest’,

85 3288 116 3321 ea
129 3273 206 3321 etium
219 3270 310 3334 Suppt.
324 3270 362 3321 St.
373 3288 402 3335 p.
421 3271 529 3321 XXIII
539 3274 662 3337 ignoratn
681 3272 748 3320 unde
762 3278 864 3334 sumpta
878 3272 932 3319 sint
945 3276 972 3318 et
989 3268 1053 3331 quid

84 3343 135 3392 sibi
148 3344 234 3399 uelint,
249 3358 301 3407 non
315 3343 399 3393 video.
458 3339 490 3410 1⁰)
505 3343 663 3394 Huiusmodi
676 3344 740 3407 quid
753 3349 823 3391 certe
835 3356 927 3391 sensus
938 3340 1051 3404 flagitet,

85 3423 178 3465 etcum
192 3430 209 3462 a
222 3413 296 3463 sedo
315 3416 400 3463 reluta
420 3415 556 3463 concinere
575 3416 740 3472 uiderentur,
758 3414 823 3463 haee
838 3426 951 3476 quoque,
970 3425 1051 3474 quen·

86 3502 159 3550 qnam
173 3486 257 3534 minus
271 3492 357 3543 certe,
372 3487 399 3533 in
413 3492 510 3535 textum
524 3488 642 3549 recipere
657 3492 765 3535 conatus
778 3500 841 3533 sum.

155 3606 180 3677 5.
197 3613 239 3660 74.
261 3610 299 3673 Cf.
314 3625 395 3673 supra
410 3612 433 3671 §-
448 3622 482 3661 σε.
551 3607 576 3677 §.
592 3612 634 3660 75.
652 3610 691 3673 Of.
706 3612 729 3671 5.
744 3621 779 3660 os.
